1899 2826
261 212 306 252 11.
325 213 403 250 11.:
432 211 603 249 Corinna
625 209 789 257 longum
814 210 888 248 iter
913 208 1042 247 facere
1064 216 1283 258 navemque
1298 198 1496 250 conscend
1567 192 1680 265 ῇὲῗέ

262 281 341 323 rat;
358 282 474 327 poeta
490 280 623 316 autem
641 279 861 316 exsecratur
893 275 1152 324 perniciosam
1167 275 1381 325 navigandi
1396 268 1538 325 artem,-

261 345 382 383 renda
397 345 516 382 maris
532 347 708 382 monstra
724 343 907 381 describit
932 344 1122 390 rogatque
1148 342 1331 394 puellam,
1358 349 1403 383 ut
1428 338 1552 392 quam

262 424 371 450 mum
388 413 438 450 ad
453 414 616 460 penates
633 413 855 449 revertatur.
870 401 924 448 Π.
944 410 1020 449 16.:
1038 414 1155 460 poeta
1178 410 1265 450 loco
1294 422 1365 450 suo
1397 410 1531 460 natali,
1576 457 1580 464 ἱ

263 491 378 518 mone
395 482 654 517 commoratur
670 489 950 525 amoenamque
966 478 1219 525 Pelignorum
1234 482 1378 516 terram
1392 479 1459 526 pia
1471 473 1651 527 quadam
1660 484 1683 522 ’ἢ

265 558 357 584 cura
373 545 568 592 describit,
586 545 655 583 sed
672 556 760 582 cum
777 545 944 582 amicam
961 545 1203 583 carissimam
1216 544 1352 594 procul
1370 555 1456 583 esse
1472 545 1515 583 in
1529 533 1652 596 men-5-
1679 562 1681 564 ·

263 619 343 652 tem
361 615 395 651 ei
413 614 530 659 venit,
547 613 719 650 maximo
737 624 826 649 cum
842 611 974 650 dolore
991 612 1185 650 exclamat
1201 612 1295 658 (ves.
1313 612 1501 659 33—40.):

495 717 538 745 At
559 717 628 745 sine
649 720 690 753 te,
711 715 862 753 quamvis
884 716 1010 753 operosi
1031 716 1153 745 vitibus
1174 716 1244 753 agri
1289 751 1296 761 Ι

552 764 606 792 Me
629 765 769 798 teneant,
789 763 939 799 quamvis
960 762 1111 791 amnibus
1132 771 1211 792 arva
1229 766 1360 808 natent&

494 811 536 839 Et
555 813 646 839 vocet
666 810 699 838 in
720 810 808 838 rivos
829 813 1011 839 currentem
1037 810 1178 839 rusticus
1197 810 1319 839 undam

553 857 751 895 Frigidaque
772 857 925 889 arboreas
945 857 1084 886 mulceat
1104 866 1181 887 aura
1200 866 1318 894 cumn,

496 906 568 933 Non
589 913 649 942 ego
669 905 822 941 Pelignos
842 905 956 934 videor
976 905 1140 934 celebrare
1161 905 1320 940 salubres,

553 954 626 982 Non
646 962 706 991 ego
727 954 876 990 natalem,
896 962 973 982 rura
992 956 1136 992 paterna,
1155 954 1272 990 locum,

497 1001 561 1031 Sed
581 1001 746 1038 Scythiam
767 1000 948 1038 Cilicasque
967 1001 1054 1030 feros
1074 1002 1262 1039 viridesque
1282 1002 1462 1038 Britannos,
1519 1032 1521 1035 ,

555 1049 710 1086 Quaeque
730 1048 921 1078 Prometheo
943 1058 1023 1077 saxa
1043 1058 1156 1078 cruore
1176 1049 1301 1078 rubent.

268 1146 404 1184 Monet
420 1146 585 1193 denique
601 1144 786 1192 puellam,
821 1156 871 1182 ne
897 1146 1100 1199 promissis
1134 1148 1237 1183 stare
1271 1135 1515 1193 amicumque
1532 1146 1645 1183 rusti-

270 1217 422 1250 cantem
439 1213 565 1249 visere
583 1214 784 1248 cunctetur
802 1212 896 1258 (vss⁸
915 1212 1106 1256 47—52.>:

501 1327 534 1355 Si
555 1335 621 1363 qua
640 1327 703 1355 mei
724 1330 831 1355 tamen
853 1329 902 1355 est
923 1326 956 1355 in
977 1330 1008 1356 te
1027 1327 1082 1364 pia
1103 1336 1180 1355 cura
1200 1327 1311 1362 relicti,

557 1374 667 1411 Incipe
687 1374 838 1411 pollicitis
859 1374 978 1403 addere
997 1374 1083 1403 facta
1102 1375 1176 1410 tuis,

500 1422 668 1459 Parvaque
690 1421 928 1459 quamprimum
949 1414 1148 1459 rapientibus
1170 1422 1286 1451 esseda
1305 1422 1432 1451 mannis

555 1469 632 1506 Ipsa
652 1478 710 1506 per
730 1469 890 1498 admissas
912 1473 1044 1499 concute
1064 1471 1134 1499 lora
1153 1470 1267 1505 iubam

501 1517 544 1544 At
563 1525 631 1551 vos,
652 1525 718 1553 qua
736 1517 853 1552 veniet,
873 1517 988 1546 tumidi¹
1010 1517 1168 1546 subsidite
1188 1520 1323 1553 montes,

558 1563 599 1592 Et
618 1564 731 1592 faciles
752 1564 859 1593 curvis
879 1564 1019 1593 vallibus
1040 1568 1108 1593 este
1129 1565 1207 1594 viae.
1274 1556 1275 1559 Ἴ

387 1668 542 1706 Nomen
559 1667 751 1706 Corinnae
769 1680 962 1717 nusquam
992 1670 1165 1716 occurrit,
1194 1670 1262 1708 sed
1279 1670 1361 1708 tota
1379 1669 1526 1717 elegiae
1542 1669 1649 1707 indo·

271 1736 342 1782 les,
360 1747 459 1783 quae
475 1746 588 1773 veros
616 1738 820 1782 castosque
850 1736 968 1773 animi
997 1747 1136 1773 sensus
1154 1736 1291 1786 prodit,
1308 1739 1472 1784 poetam·
1496 1736 1544 1773 de
1578 1735 1650 1773 Co-

274 1804 387 1841 rinna
403 1803 596 1850 cogitasse
614 1802 875 1847 demonstrat;
894 1814 1014 1851 quare
1032 1803 1149 1844 etiam
1159 1803 1234 1841 hoc
1244 1814 1383 1851 poema
1399 1803 1523 1851 primo
1541 1801 1650 1850 cyclo

276 1869 610 1907 adnumerandum
635 1872 830 1915 putamus.
856 1869 977 1906 Recte
1006 1873 1137 1906 autem
1163 1881 1235 1907 nos
1261 1871 1317 1907 ita
1343 1870 1526 1907 statuisse
1542 1867 1651 1906 facil·
1701 1881 1702 1894 ³

276 1936 367 1973 lime
385 1935 587 1983 apparebit
603 1946 651 1972 ex
668 1935 726 1978 iis,
749 1947 847 1983 quae
864 1947 955 1973 mox
973 1936 1020 1973 de
1038 1937 1208 1974 secundo
1234 1938 1423 1985 tertioque
1441 1936 1652 1984 elegiarum

276 2003 383 2052 cyclo
402 2002 708 2050 disputabimus;
725 2006 818 2040 tunc
836 2004 942 2041 enim
959 2004 1190 2051 videbimus,
1225 2003 1436 2043 Corinnam
1451 2003 1572 2042 fuisse
1589 2010 1652 2040 so·
1701 1999 1702 2002 ’

275 2070 365 2117 lam,
383 2070 431 2107 de
449 2081 526 2117 qua
543 2068 706 2107 Ovidius
724 2070 808 2107 sine
824 2069 987 2108 lascivia
1004 2073 1042 2108 et
1058 2072 1306 2118 protervitate
1332 2071 1569 2110 mentionem
1594 2069 1653 2108 fa-

278 2149 361 2176 cere
378 2138 505 2185 potuit
522 2148 726 2185 quamque,
744 2139 854 2176 initio
873 2139 1025 2185 saltem,
1038 2140 1137 2176 serio
1149 2140 1305 2177 amavit.
1323 2139 1369 2176 II.
1389 2138 1465 2176 13.:
1484 2137 1654 2176 Corinna

277 2205 438 2251 gravida
454 2204 576 2255 iacta,
604 2216 653 2242 ne
679 2204 982 2263 pulchritudinis
1010 2207 1198 2243 iacturam
1209 2204 1244 2252 ²¹¹)
1272 2205 1426 2251 faceret,
1461 2204 1654 2243 commisit

393 2318 422 2356 ¹⁸)
439 2318 579 2347 Causam
592 2319 704 2365 culpae
725 2319 804 2346 satis
825 2318 988 2347 declarant
1003 2319 1169 2355 sequentis
1185 2318 1307 2355 elegiae
1322 2317 1451 2356 (11214.)
1466 2326 1532 2346 vss.
1547 2317 1623 2348 5—8
1636 2327 1642 2346 z

506 2384 595 2419 Quae
614 2385 720 2422 prima
739 2385 878 2414 instituit
898 2387 1026 2414 teneros
1048 2385 1227 2414 convellere
1247 2384 1343 2421 setuS,

519 2434 521 2437 ’
565 2431 680 2460 Militia
698 2432 805 2461 fuerat
825 2432 924 2469 digna
943 2433 1050 2469 perire
1072 2441 1139 2461 sua.

508 2479 636 2509 Scilicet
655 2483 691 2508 ut
710 2481 813 2513 carr-eat
831 2489 980 2518 myarum
1000 2480 1127 2511 crimine
1145 2482 1253 2518 venter,

566 2527 734 2560 Sternetur
753 2537 882 2566 pugnae
903 2528 1005 2557 tristis
1026 2537 1123 2558 arena
1143 2533 1216 2558 tuae
1228 2529 1243 2557 ἱ)
