1899 2826
868 30 943 87 “-’
986 59 1010 97 8
1053 27 1166 94 ‘-'s'
1210 46 1270 55 “”

532 164 699 203 Exiguum
717 164 784 196 vati
805 165 954 202 concede,
975 160 1164 204 Tragoedia,
1183 144 1323 202 tempus,
1463 191 1480 204 Α,
1517 194 1520 198 ,

589 214 638 242 Tu
657 214 750 243 labor
762 217 930 250 aeternus,
951 214 1040 251 quod
1058 213 1142 253 petit>
1155 213 1223 249 illa,
1247 213 1346 242 breve
1366 216 1424 244 est.
1573 210 1578 218 ⁴

355 356 357 358 ,
417 316 583 365 Epilogo
609 317 699 356 libri
724 319 838 366 primi
865 319 909 365 (Ι.
938 313 1011 365 15.)
1039 318 1230 366 docemur,
1263 322 1400 366 poetae
1416 315 1597 373 inertiam

299 383 441 421 iectam
456 394 544 422 esse
577 384 626 422 ab
659 385 813 431 invidis,
842 396 929 422 cum
949 395 1075 433 neque
1090 383 1251 422 militiae
1266 395 1393 434 neque
1421 383 1707 435 foroopernjx

302 449 433 493 daret;
451 449 632 488 homines
650 451 754 488 enim
772 450 882 489 stulti
898 450 1007 489 nullo
1024 450 1140 488 modo
1157 449 1381 497 intellegere
1396 442 1613 506 potuemnt,
1626 449 1639 461 ⁸
1699 440 1705 451 ‘

304 514 408 562 quod
434 519 549 562 poeta
577 516 651 554 sibi
676 517 952 564 proposuisset,
970 515 1094 554 multo
1112 527 1198 554 esse
1216 517 1343 554 maius
1352 516 1552 566 multoque
1568 509 1707 567 opta-ss

302 580 420 618 bilius
442 591 512 625 (vs.
531 581 675 628 1-8.)i
1222 581 1224 583 ’
1278 573 1283 589 ⁵
1627 635 1631 638 1
1670 618 1682 630 ,.
1704 613 1708 616 .

1657 640 1670 660 J

536 695 621 730 Quid
642 696 729 732 mihi,
750 695 849 725 Livor
869 696 963 731 edax,
983 696 1119 733 ignavos
1138 695 1242 725 obicis
1262 704 1372 732 annos,
1678 686 1681 687 ⁷
1707 674 1709 677 ι

591 743 783 781 Ingeniique
803 752 901 773 vocas
922 752 1051 774 carmen
1072 743 1186 772 inertis
1207 743 1316 781 opus?

532 791 605 820 Non
624 800 786 828 me·more
805 794 944 829 patrum,
966 791 1044 820 dum
1066 794 1199 820 strenua
1219 791 1354 821 sustinet
1374 795 1472 827 aetas,

589 839 737 868 Praemia
756 839 888 867 militiae
909 839 1135 876 pulverulenta
1156 839 1257 875 sequi.

530 887 598 915 Nee
618 895 670 915 me
690 886 846 915 verbosas
865 886 956 923 leges
978 886 1129 921 ediscere,
1154 894 1214 915 nec
1234 895 1284 915 me

589 934 719 972 Ingrato
740 944 853 964 vocem
871 934 1078 972 prostituisse
1105 935 1183 965 foro.

531 982 667 1011 Mortale
690 986 748 1018 est,
769 982 857 1019 quod
878 982 1018 1019 quaeris,
1039 991 1130 1019 opus,
1150 982 1231 1011 Mihi
1251 982 1338 1011 fama
1356 982 1506 1020 perennis

591 1030 771 1065 Quaeritur,
791 1030 825 1057 in
845 1033 910 1058 toto
925 1038 1054 1066 semper
1072 1033 1108 1058 ut
1129 1030 1206 1059 orbe
1230 1038 1335 1060 eanar.

419 1134 570 1172 Deinde
586 1134 733 1171 famam
761 1135 975 1171 carminum
1003 1137 1202 1172 aeternam
1228 1146 1314 1172 esse
1334 1138 1535 1182 poetarum
1551 1135 1675 1172 maxi-

279 1211 453 1238 1morum
471 1200 660 1248 exemplis
679 1201 918 1238 demonstrat
936 1211 1053 1248 seque
1077 1199 1244 1238 similem
1255 1211 1408 1248 sperare
1418 1199 1583 1248 gloriam
1598 1211 1678 1238 non

301 1266 389 1305 sine
407 1267 588 1315 superbia
604 1267 746 1305 fatetur
765 1267 860 1313 (vss,
882 1268 1070 1312 39—42.):

530 1380 678 1409 Pascitur
698 1381 731 1409 in
752 1381 836 1410 vivis
856 1380 964 1417 Livor,
985 1384 1058 1417 post
1078 1381 1144 1409 fata
1165 1380 1310 1418 quiescit,

589 1428 671 1457 Cum
692 1438 772 1469 suus
793 1437 835 1457 ex
854 1429 968 1457 merito
989 1437 1152 1465 quemque
1171 1432 1280 1457 tuetur
1297 1428 1409 1457 honos.

530 1476 617 1512 Ergo
638 1476 735 1504 etiam
755 1485 828 1504 cum
848 1484 900 1504 me
921 1484 1094 1512 supremus
1114 1475 1259 1504 adederit
1278 1475 1371 1513 ignis,

589 1523 706 1552 Vivam
726 1532 868 1560 parsque
888 1523 952 1551 mei
972 1523 1073 1551 multa
1094 1526 1260 1560 superstes
1281 1523 1349 1552 erit.

416 1628 462 1666 In
479 1628 558 1666 fine
575 1628 664 1666 libri
691 1629 805 1674 tertii,
834 1629 1063 1666 eroticorum
1090 1628 1304 1666 carminum
1330 1628 1676 1677 epilog0(111.15.)
1708 1645 1710 1647 >

300 1694 449 1743 elegiae
480 1695 663 1734 valedicit
696 1699 970 1744 aeternamque
998 1696 1072 1734 sibi
1098 1696 1244 1735 famam
1264 1697 1339 1735 hoc
1355 1708 1517 1745 poeseos
1533 1709 1699 1745 genere-

299 1766 451 1810 partam
475 1774 561 1801 esse
579 1762 739 1800 confidit
750 1764 848 1809 (vss.
869 1763 1061 1805 19—20.):

528 1876 681 1923 imbelles
703 1877 796 1913 elegi,
817 1876 955 1913 genialis
976 1876 1080 1911 Musa,
1100 1877 1214 1911 valete,

538 1920 541 1923 ’
586 1924 662 1952 Post
683 1932 756 1952 mea
775 1932 965 1952 mansurum
985 1923 1051 1952 fata
1072 1927 1238 1960 superstes
1259 1932 1349 1960 opus.

413 2028 462 2066 ΙΙ.
483 2025 548 2067 18:
568 2030 736 2066 amicum
754 2029 960 2076 quendam,
978 2028 1167 2075 Macrum,
1184 2031 1341 2076 poetam
1351 2029 1504 2076 epicum
1513 2027 1676 2077 alloqui·
1726 2033 1729 2035 ’

297 2099 362 2133 tur
379 2094 553 2140 Ovidius
581 2095 685 2132 unde
711 2106 801 2132 eum
818 2095 857 2132 id
873 2095 1060 2142 temporis
1087 2094 1260 2142 epistolis
1277 2093 1488 2132 Heroidum
1504 2094 1676 2133 seriben-

298 2162 359 2200 dis
386 2173 544 2210 operam
569 2173 737 2200 navasse
765 2164 935 2209 apparet.
962 2161 1029 2198 111.
1057 2161 1099 2198 9:
1130 2161 1343 2209 epicedium
1368 2161 1410 2199 in
1431 2164 1597 2199 mortem
1612 2161 1676 2199 Tie

299 2222 408 2275 bulli,
425 2229 610 2276 principis
628 2228 896 2275 elegiacorum‚
915 2239 1030 2275 quem
1050 2227 1189 2274 Elegia
1205 2228 1427 2276 amicaeque
1440 2228 1675 2267 carminibus

300 2294 542 2333 immortales
559 2295 696 2341 factae,
714 2294 829 2332 Delia
846 2298 885 2332 et
901 2294 1082 2332 Nemesis
1100 2294 1255 2332 deflent.
1285 2294 1352 2332 III.
1375 2294 1438 2332 13:
1467 2294 1673 2350 descriptio

296 2362 386 2400 festi
403 2361 565 2399 Iunonis
582 2361 685 2409 apud
700 2360 878 2399 Faliscos
894 2359 1086 2399 celebrati.
