1899 2826
494 251 665 283 Vicimus·
682 250 719 281 iu
736 236 849 282 noan-o
867 253 918 289 est
937 258 1011 281 ecce
1028 249 1168 280 Corinna
1187 251 1272 286 sinu,

398 295 547 336 Quam
560 297 622 336 vir,
632 304 742 337 quam
760 302 879 335 custos,
900 306 999 336 quam
1017 294 1115 328 ianua
1135 293 1238 334 finnn,
1259 270 1305 328 tot
1324 298 1436 361 hostes

406 375 408 377 .
435 380 438 383 ,
497 340 686 383 servabunt,
704 353 812 384 nequa
831 349 943 385 posset
956 346 1003 377 ab
1024 339 1092 376 arte
1112 345 1211 384 capi.

256 447 293 493 5.
307 446 419 493 huus
448 453 595 502 amoris
625 451 897 496 dulcissimum
931 452 1101 490 Corinna
1116 454 1224 490 venit
1254 453 1304 491 ad
1333 456 1504 501 poetam,
1521 455 1587 502 qui

334 519 548 566 occasione
560 506 784 566 gratissima
808 508 1032 577 fructusque
1052 519 1295 558 constantiae
1314 530 1413 558 suae
1443 519 1585 559 uberri-

261 590 285 634 j
308 574 426 633 v‹eapit-
438 585 471 623 Ι.
491 572 568 624 1'1.:
587 586 638 624 ad
654 586 823 628 amicam
837 587 893 624 ire
910 586 1071 633 cupiens
1097 578 1265 624 litteras
1280 577 1476 625 Corinnae
1493 588 1585 624 scri·

261 641 468 708 ‘frogatque
479 651 635 700 Napen,
652 652 772 690 fidam
789 640 982 690 Corinnae
999 651 1192 695 ancillam,
1202 655 1253 690 ut
1268 651 1436 690 tabellas
1448 653 1584 691 statim

192 765 198 767 ‚
214 717 387 771 minae
401 719 550 764 tradat:
567 718 737 757 Corinna
753 721 884 756 autem
900 720 1031 756 utatur
1047 717 1194 756 eisdem
1208 717 1366 757 tabellis
1377 718 1583 757 rescribat-

195 784 284 835 ξω
297 784 373 825 hoc
388 797 467 826 uno
483 786 622 825 verbo:
646 774 785 831 Veni&
802 786 906 834 quod
922 785 957 823 si
973 786 1155 833 evenerit,
1181 788 1298 834 poeta
1324 786 1504 825 victrices
1521 790 1581 825 ta-

205 851 331 893 bellas
361 852 470 892 lauro
502 853 681 892 redimire
698 856 737 891 et
753 854 795 891 in
810 852 940 892 media
971 851 1136 901 Veneris
1169 852 1264 891 aede
1292 853 1484 902 deponere
1501 865 1581 892 non

138 946 170 964 „.
204 918 425 961 morabitur.
440 920 470 957 I.
490 920 567 958 12.:
585 920 717 958 tristes
733 918 886 957 litterae
903 919 1102 957 redierunt
1119 919 1194 965 (vs.
1214 918 1287 966 2.):

592 1013 712 1053 Infelix
730 1012 827 1042 hodie
847 1013 953 1042 littera
971 1022 1069 1050 posse
1088 1017 1194 1051 negat.

210 1091 339 1148 Quare
353 1104 486 1150 poeta-
501 1100 755 1140 exacerbatus
787 1099 954 1139 tabellas
986 1098 1245 1139 infelicissimi
1277 1111 1390 1139 casus
1408 1101 1578 1145 nuntias,

142 1170 146 1173 “
205 1167 345 1206 deinde
377 1168 495 1206 etiam
527 1167 690 1215 lignum,
724 1178 774 1206 ex
807 1179 882 1216 quo
908 1167 1075 1206 tabellae
1091 1167 1218 1205 factae
1235 1156 1338 1215 sunt,
1356 1170 1395 1206 et
1410 1167 1539 1216 flores,
1557 1180 1586 1217 e¹

203 1234 345 1283 quibus
371 1246 464 1283 apes
489 1229 619 1273 cerain
646 1233 894 1282 collegerunt,
921 1234 1162 1282 gravissimis
1188 1234 1319 1273 verbis
1345 1237 1576 1274 exsecratur.

206 1300 254 1339 11.
270 1301 305 1339 6.
317 1313 326 1340 :
344 1313 500 1340 carmen
509 1302 674 1349 lugubre
684 1302 726 1340 in
735 1305 900 1340 mortem
909 1302 1065 1350 psittaci
1074 1301 1259 1349 loquacis,
1280 1297 1577 1350 quemCorinna

204 1367 346 1407 mirum
371 1369 413 1407 in
437 1369 597 1407 modum
623 1369 830 1407 adamavit.
856 1368 974 1406 11.7.:
1002 1367 1172 1406 Corinna
1187 1371 1343 1416 poetam
1360 1381 1450 1409 cum
1465 1369 1576 1408 fusca

201 1432 427 1482 Cypasside,
444 1435 587 1474 ancilla
603 1436 783 1483 quadam,
800 1446 882 1473 rem
898 1429 1082 1472 habuisse
1116 1446 1195 1472 non
1211 1435 1295 1473 sine
1313 1447 1432 1474 causa
1448 1438 1575 1484 suspi-

201 1504 309 1540 catur
325 1502 419 1549 (vss.
439 1502 495 1540 17.
515 1502 609 1548 18.):
962 1509 967 1514 '

0 1507 52 1647 Ξ,
94 1599 96 1603 ·
729 1588 842 1617 sollers
864 1594 977 1617 ornare
997 1587 1153 1624 Cypassis

0 1643 39 1746 ξ

0 1751 32 1782 ᾗ..

428 1634 574 1663 Obicitur
593 1635 741 1663 dominae
763 1638 999 1664 contemerasse
1018 1638 1133 1663 torum.

199 1727 307 1768 Reus
323 1732 454 1768 autem
469 1729 787 1776 indignabundus
805 1730 1011 1778 respondet
1027 1730 1123 1777 (vss.
1143 1730 1197 1768 19.
1212 1730 1307 1775 20.):

0 1783 16 1815 b

0 1815 51 1902 ’ξ
67 1861 72 1864 -
424 1845 465 1874 Di
484 1845 610 1884 melius,
631 1853 729 1883 quam
749 1854 810 1880 me,
830 1845 859 1874 si
879 1845 920 1875 sit
939 1854 1091 1884 peccasse
1112 1845 1220 1881 libide,

4 1899 20 1941 ζ·
483 1893 621 1922 Sordida
640 1897 838 1930 contemptae
860 1894 956 1922 sortis
976 1893 1079 1922 amica
1098 1893 1205 1922 iuvet!

197 1994 245 2035 11.
261 1996 315 2035 8.:
331 1996 542 2041 Corinnam
558 1999 660 2035 recte
675 1997 868 2035 iudicasse
886 1996 1011 2044 elegia
1029 1997 1208 2045 sequenti
1224 1997 1428 2042 docemur;
1455 2001 1570 2046 poeta

197 2063 302 2101 enim
317 2053 574 2111 Cypassidem
590 2065 711 2109 rogat,
729 2066 773 2100 ut
788 2074 857 2110 pro
874 2062 1008 2101 multis
1026 2062 1163 2100 officiis
1181 2064 1347 2111 pretium
1363 2064 1440 2102 sibi
1455 2063 1568 2106 dulce

195 2128 399 2177 rependat;
431 2128 563 2177 puella
593 2129 718 2177 priore
752 2125 975 2167 calamitate
1005 2130 1187 2167 exterrita
1203 2133 1322 2177 negat
1340 2141 1382 2169 se
1400 2129 1568 2179 amplius

127 2191 144 2243 J
195 2196 347 2245 copiam
363 2198 424 2235 sui
440 2188 639 2242 facturam,
668 2204 785 2245 quare
801 2201 916 2244 poeta
945 2197 1002 2235 ira
1022 2208 1209 2235 accensus
1226 2197 1344 2236 minis
1360 2199 1568 2247 respondet

0 2262 44 2308 ,⁹:2-
194 2263 288 2312 (VsS.
303 2263 456 2303 25-28.
459 2264 493 2310 ).
485 2277 493 2285 ·

424 2368 516 2404 Quod
537 2368 566 2398 si
585 2367 684 2398 stulta
701 2375 813 2406 negas,
833 2368 933 2398 index
953 2370 1098 2399 anteacta
1117 2368 1251 2403 fatebor,

479 2417 520 2446 Et
539 2416 669 2446 veniam
687 2416 801 2454 culpae
819 2416 964 2466 proditor
981 2416 1054 2453 ipse
1073 2423 1174 2451 meae,

42 2495 47 2501 ,
424 2464 559 2501 Quoque
578 2464 649 2493 loco
668 2466 777 2493 tecum
794 2463 924 2500 fuerim,
944 2454 1169 2504 quotiensque,
1189 2462 1336 2502 Cypassi,

0 2492 36 2576 {n
452 2543 456 2551 ‚
479 2512 625 2542 Narrabo
646 2511 804 2549 domnine,
826 2515 969 2549 quotque
983 2511 1169 2549 quibusque
1189 2511 1309 2544 modis„
