1899 2826
739 575 961 634 CAPUT-1.
1083 654 1085 656 Ι
1220 646 1222 648 ¹

336 692 404 730 De
427 691 653 730 Amorum
678 689 814 732 libris
836 691 962 728 recte
985 688 1362 738 interpretandis.
1395 667 1397 669 .

124 844 129 846 v
169 833 173 846 ι
277 796 320 834 Ρ.
337 795 500 834 Ovidius
517 795 635 840 Naso,
652 806 828 833 summus
843 806 1006 844 poeseos
1023 794 1224 833 Romanae
1235 794 1536 843 artifemproeul

152 861 282 901 dubio
315 863 360 913 in
389 863 577 900 amatorio
611 863 827 900 carminum
858 872 999 908 genere
1032 861 1202 899 maxime
1230 860 1385 899 excellit
1409 872 1535 909 neque

165 915 377 978 quidquam
393 928 558 976 scripsit,
585 916 688 977 quod
714 928 894 983 omnibus
928 928 1099 966 numeris
1115 928 1171 966 ita
1188 926 1411 966 absolutum
1426 927 1555 975 inge-‘

159 984 306 1045 'nisque
324 987 407 1034 eius
423 997 549 1043 magis
564 997 763 1044 proprium
780 995 857 1033 dici
881 996 1015 1044 possit,
1043 1007 1160 1043 quam
1185 995 1389 1042 Epistulae
1415 994 1535 1032 Hero·
1557 1013 1560 1015 ·

163 1064 275 1100 idum
291 1066 407 1111 atque
422 1062 501 1099 Ars
517 1063 726 1103 amatoria.
751 1062 853 1111 Rem
869 1064 1001 1100 autem
1016 1063 1072 1100 ita
1089 1073 1131 1100 se
1151 1062 1392 1111 haberenon
1408 1061 1536 1100 solum

164 1141 238 1168 nos
255 1129 506 1176 affirmamus,
525 1129 594 1167 sed
612 1130 728 1167 etiam
744 1131 899 1176 poetam
916 1129 1045 1176 ipsum
1060 1129 1116 1167 ita
1132 1129 1323 1167 iudicasse
1348 1128 1439 1167 inde
1455 1128 1534 1166 elu-

117 1223 127 1225 >
164 1199 236 1241 cet,
269 1196 382 1244 quod,
415 1207 503 1233 cum
534 1195 668 1243 procul
700 1207 725 1233 a
749 1196 886 1243 patria,
919 1198 1121 1243 separatus
1138 1195 1370 1244 relictusque
1396 1207 1420 1233 a
1440 1197 1534 1243 suis,

81 1252 84 1266 ὲ
119 1281 125 1285 «
162 1263 297 1303 morbo
314 1263 425 1309 gravi
440 1262 623 1300 laborans
639 1263 681 1300 in
696 1262 845 1300 ultimis
860 1262 977 1300 Ponti
991 1252 1198 1318 rigidioris
1217 1262 1360 1300 iaceret
1370 1274 1534 1311 cumque

139 1341 143 1345 ⁷
164 1329 271 1368 mille
298 1330 461 1377 haberet
487 1341 637 1378 causas,
665 1341 732 1367 cur
760 1330 932 1368 carmina
958 1341 1030 1367 sua
1055 1319 1252 1377 amatoria,
1274 1342 1372 1378 quae
1389 1332 1535 1368 auctori

163 1397 538 1435 maximenocuisse
567 1399 729 1442 constat,
755 1399 1028 1440 exsecraretur,
1056 1397 1178 1433 erexit
1202 1400 1336 1434 tamen
1361 1397 1535 1434 animum

163 1462 246 1514 eius
263 1462 444 1510 superbia
459 1461 527 1500 illa
548 1463 717 1506 „meritis
736 1463 934 1510 quaesita?
953 1462 1158 1510 poetisque
1174 1462 1366 1500 Romanis
1380 1463 1535 1510 propria

31 1568 37 1575 ,
98 1569 100 1576 ᾗ
164 1532 204 1566 et
217 1529 261 1566 in
278 1528 487 1575 epitaphio,
505 1528 607 1575 quod
623 1529 664 1565 in
679 1529 792 1565 tertio
811 1528 993 1565 Tristium
1008 1527 1107 1564 libro
1124 1527 1277 1574 legitur,
1289 1527 1326 1573 ²¹5)
1342 1539 1422 1565 non
1433 1539 1534 1565 com-

68 1645 70 1647 >
99 1585 113 1601 ⁵
161 1595 391 1633 memoravit
407 1605 523 1642 opera
539 1606 611 1632 sua
626 1594 745 1642 epica,
764 1594 904 1642 quibus
930 1593 1023 1631 olim
1042 1593 1364 1641 Augustumsibi
1380 1594 1535 1632 eoncili-

0 1688 5 1699 .
62 1652 70 1658 ¹
131 1681 133 1683 ·
161 1671 227 1699 are
252 1660 439 1708 voluerat,
465 1663 510 1698 ut
535 1661 577 1697 in
604 1660 694 1698 aula
719 1660 967 1708 imperatoria
993 1671 1194 1699 successor
1226 1660 1345 1705 Varii,
1373 1660 1535 1708 Vergilii

162 1725 388 1776 Horatiique
413 1726 608 1775 fieret,.ne
633 1727 752 1765 verbo
781 1728 937 1775 quidem
956 1728 1194 1767 mentionem
1224 1727 1316 1766 fecit
1332 1729 1535 1765 Metamor-

159 1794 332 1840 phoseon
348 1799 386 1832 et
404 1794 620 1841 Fastorum,
639 1794 708 1833 sed
724 1794 951 1841 simpliciter
968 1797 1187 1832 tenerorum
1199 1805 1241 1832 se
1251 1794 1421 1832 lusorem
1431 1806 1535 1833 amo-

102 1894 106 1896 ,
161 1871 249 1899 rum
264 1861 482 1899 nominavit
497 1860 673 1908 illosque,
691 1872 741 1898 ne
759 1859 980 1908 sepulcrum
996 1859 1150 1899 silentio
1167 1861 1430 1908 praeterirent,
1448 1873 1534 1900 ora-

161 1927 229 1974 vit,
247 1926 313 1975 qui
329 1925 472 1965 amoris
487 1926 707 1975 voluptates
725 1929 764 1965 et
779 1929 973 1965 tormenta
988 1927 1065 1974 ipsi
1082 1927 1230 1974 experti
1247 1930 1389 1965 essent.
1403 1926 1462 1973 **)

276 2031 304 2066 *)
325 2030 410 2059 Vide
430 2031 523 2060 Trist.
547 2031 568 2060 l.
588 2030 645 2059 HI.
665 2031 692 2066 3,
714 2031 846 2062 73—76:

391 2078 452 2107 Hic
473 2087 533 2116 ego
554 2079 611 2115 qui
631 2079 728 2110 iaceo,
749 2081 934 2107 tenerorum
952 2078 1044 2106 lusor
1067 2086 1221 2113 amorum,

448 2126 582 2163 Ingenio
603 2126 686 2163 perii
705 2126 793 2154 Naso
813 2128 910 2164 poeta
928 2134 1009 2155 meo.

389 2172 431 2201 At
450 2173 519 2209 tibi,
540 2166 596 2210 qui
615 2172 744 2208 transis,
763 2172 867 2201 nesit
885 2180 995 2210 grave,
1016 2172 1166 2209 quisquis
1187 2173 1310 2209 amasti,

447 2220 581 2249 Dicere:
603 2220 743 2249 Nasonis
762 2220 902 2249 molliter
921 2228 996 2249 ossa
1009 2220 1134 2249 cubent.

278 2286 322 2321 u)
345 2286 548 2323 Quamquam
577 2286 678 2315 libros
707 2285 1010 2323 Metamorphoseon
1041 2286 1217 2316 detrectare
1237 2287 1397 2323 nolumus,
1426 2290 1535 2316 tamen

160 2333 328 2363 fatendum
348 2337 397 2363 est
417 2336 519 2363 totum
539 2343 622 2371 opus
641 2333 723 2363 nihil
744 2342 816 2363 esse
837 2334 927 2363 aliud
945 2333 1010 2362 nisi
1040 2334 1158 2363 seriem
1186 2334 1371 2363 fabularum
1390 2334 1424 2362 in
1443 2334 1535 2371 poesi

161 2381 295 2418 antiqua
314 2382 378 2410 iam
397 2381 525 2419 pridem
543 2382 699 2418 tritarum,
721 2390 804 2418 quae
824 2384 950 2411 tantum
967 2385 1100 2419 propter
1119 2382 1202 2411 mira
1220 2382 1413 2411 narrationis
1433 2382 1535 2418 poeti*

150 2428 218 2457 ⁴cae
238 2428 372 2457 artificia
390 2437 474 2458 novo
495 2429 666 2466 splendore
686 2428 840 2466 fulgeant.
863 2428 956 2464 Quod
976 2432 1083 2458 autem
1103 2429 1145 2461 ad
1164 2429 1279 2458 Fastos
1301 2429 1420 2466 attinet,
1440 2432 1536 2467 poeta

106 2474 109 2476 ’
155 2477 248 2505 certe
267 2476 394 2505 nullum
415 2476 478 2505 sibi
498 2476 619 2514 eligere
638 2477 743 2514 potuit
762 2479 998 2514 argumentum,
1020 2477 1108 2513 quod
1128 2477 1168 2505 ab
1188 2477 1318 2514 ingenio
1339 2477 1409 2506 eius
1429 2477 1534 2514 magis

132 2518 138 2522 ”
162 2522 367 2559 abhorreret;
387 2523 417 2552 is
438 2523 533 2559 enim,
554 2523 620 2560 qui,
639 2532 738 2553 verus
759 2532 895 2558 „aureae
915 2524 1056 2553 Romae“
1075 2521 1172 2559 filius,
1192 2524 1226 2553 in
1244 2524 1352 2561 prisca
1376 2524 1534 2553 Romano·
