1899 2826
814 11 821 15 '
983 5 987 7 “
1029 2 1035 5 ’
1060 2 1077 17 ⁶<
1118 2 1132 31 r*
1178 17 1186 29 ,ν
1243 3 1270 31 ’ζσῗ
1279 8 1297 27 ’f'
1325 17 1338 22 ff

1145 51 1148 54 ι
1165 45 1168 48 ⁴
1246 46 1249 47 γ
1313 35 1333 51 5⁴

527 164 576 193 'l’u
595 162 676 193 mihi
696 164 866 193 materiem
883 163 1013 194 felicem
1031 163 1068 193 in
1088 142 1232 194 carmina
1249 162 1395 202 praebe„
1418 190 1420 193 ⁴
1437 148 1439 150 Ι

585 210 779 241 Provenient
798 219 897 241 causa
916 209 1058 241 carmina
1078 210 1178 249 digna
1197 219 1277 247 ωας

295 327 390 355 nam
406 314 570 355 Ovidius
586 317 625 355 in
645 316 760 355 Trist.
775 315 802 355 1.
820 315 887 355 IV.
908 315 977 361 10.,
995 316 1063 355 ubi
1078 318 1205 355 totum
1215 315 1319 355 vitae
1337 322 1493 356 cursum
1512 325 1534 356 e
1546 324 1562 368 ‚j

295 384 421 432 prima
465 394 507 422 se
552 384 726 423 carmina
777 382 972 422 Corinnae
1023 392 1198 423 sacrasse
1250 383 1420 431 ingenue
1473 381 1679 441 confltetur

295 451 389 495 (vss.
401 450 575 497 56—60.)
587 463 595 494 ;
738 450 740 453 ’
1427 462 1444 474 ⁰

460 570 464 571 ν
527 554 677 585 Carmina
698 564 771 585 cum
790 555 940 593 primum*
955 554 1075 593 populo
1095 553 1258 585 iuvenalia
1278 554 1352 592 legi,

584 602 691 630 Barba
710 605 836 631 resecta
854 601 935 631 mihi
954 601 1047 631 bisve
1068 602 1210 631 semelve
1229 601 1299 631 fuit.

531 649 677 679 Moverat
697 648 865 686 ingenium
876 649 903 686 ’ὶ
922 651 1023 678 totam
1043 650 1168 678 cantata
1184 655 1246 687 per
1264 646 1379 678 urbem

586 696 725 725 Nomine
744 705 808 725 non
828 705 906 726 vero
921 696 1006 726 dieta
1026 695 1165 725 Corinna
1184 695 1272 726 mihi.

295 791 360 830 Ad
377 791 542 830 eandem
559 791 773 830 certissime
799 790 991 830 referendi
1018 791 1111 829 sunt
1123 825 1125 827 a
1136 789 1264 829 ultimi
1289 789 1410 829 huius
1427 789 1574 838 elegiae
1590 801 1675 830 ver-
1710 802 1792 835 3

296 871 363 897 sus
382 858 427 905 (Ι.
444 858 478 903 3,
495 870 573 897 vss.
591 858 781 903 25—26.):

525 963 593 992 Nos
615 971 745 1000 quoque
764 970 824 1000 per
843 966 945 992 totum
965 962 1087 1000 pariter
1112 961 1315 992 cantabimur
1335 962 1456 997 orbem,

582 1010 761 1047 Iunctaque
783 1018 914 1048 semper
938 1013 1033 1039 erunt
1051 1010 1183 1040 nomina
1202 1012 1315 1040 nost-ra
1333 1009 1406 1040 tuis.

294 1105 465 1144 Corinna
491 1107 597 1144 enim
622 1105 696 1144 fuit
723 1105 817 1148 sola,
851 1117 969 1154 quam
997 1105 1161 1143 Ovidius
1189 1104 1427 1145 carminibus
1444 1103 1676 1145 nominatim

295 1172 505 1211 celebravit
521 1171 809 1221 immortalique
827 1173 980 1211 ornavit
996 1171 1132 1220 gloria.
1551 1206 1555 1210 .

410 1239 613 1285 Quomodo
629 1242 745 1287 poeta
761 1240 843 1277 voti
859 1250 1018 1287 compos
1035 1239 1162 1278 factus
1179 1240 1240 1285 sit,
1268 1250 1317 1278 ex
1344 1239 1491 1287 elegiis,
1509 1249 1607 1287 quae
1624 1237 1675 1277 ad

294 1310 470 1345 nostram
485 1309 655 1345 aetatem
671 1309 942 1354 pervenerunt,
960 1317 1040 1344 non
1057 1305 1204 1352 elucet;
1223 1306 1293 1345 sed
1302 1305 1511 1345 verisimsse
1521 1307 1582 1344 est
1591 1315 1676 1344 car·

295 1374 403 1412 mina
419 1374 470 1412 ad
487 1373 592 1412 hanc
624 1384 708 1412 rem
739 1373 975 1421 pertinentia
1008 1373 1153 1412 omissa
1186 1384 1274 1412 esse
1293 1373 1342 1412 ab
1360 1376 1515 1412 auctore
1530 1373 1617 1421 ipso
1631 1372 1675 1410 in

293 1440 486 1478 Amorum
502 1439 671 1478 editione
688 1439 821 1486 altera,
838 1441 880 1477 in
897 1451 975 1488 qua
991 1440 1161 1488 quinque
1177 1439 1298 1478 libros
1313 1440 1483 1487 primum
1499 1439 1623 1478 editos
1633 1439 1674 1476 in

293 1509 373 1545 tres
391 1506 588 1545 coartavit.
605 1506 692 1544 Iure
709 1507 814 1544 enim
831 1506 907 1545 hoc
923 1506 1110 1546 coniicere
1127 1506 1226 1545 mihi
1236 1506 1369 1545 videor
1385 1518 1406 1545 e
1422 1505 1551 1545 verbis
1566 1505 1673 1545 Deae

295 1573 458 1620 Elegiae
476 1574 526 1611 ad
543 1576 701 1620 poetam
718 1574 758 1610 in
775 1573 799 1610 l.
817 1573 882 1610 ΙΙΙ.
899 1574 932 1619 1,
950 1573 1127 1611 49—52.:

523 1676 586 1705 Per
605 1684 657 1705 me
679 1675 811 1713 deeepto
833 1675 945 1705 didicit
965 1675 1097 1706 custode
1117 1675 1256 1705 Corinna

581 1724 718 1753 Liminis
739 1723 884 1753 adstricti
905 1724 1077 1753 sollicitare
1098 1724 1205 1759 fldem,

524 1771 705 1808 Delabique
726 1774 795 1800 toro
815 1771 924 1800 tunica
943 1772 1050 1801 velata
1070 1771 1184 1807 soluta,

580 1819 689 1857 Atque
708 1818 928 1857 impercussos
946 1822 1040 1850 nocte
1059 1826 1191 1850 movere
1209 1820 1330 1858 pedes,⁴

293 1914 392 1953 Cum
409 1918 541 1965 autem
555 1926 612 1962 ea,
631 1926 729 1963 quae
747 1914 822 1953 hoc
839 1914 924 1953 loco
953 1914 1000 1952 de
1027 1913 1199 1952 Corinna
1228 1915 1411 1953 custodes
1440 1913 1600 1953 fallente
1615 1914 1673 1954 di-

293 1985 443 2029 cuntur,
460 1983 503 2020 in
521 1982 669 2030 elegiis,
687 1993 786 2030 quae
804 1984 1027 2029 supersunt,
1042 1981 1187 2019 frustra
1204 1992 1446 2029 quaeramuS,
1461 1984 1577 2030 poeta
1593 1992 1674 2020 car-

291 2049 464 2087 minibus
481 2049 523 2086 in
540 2049 709 2087 editione
727 2047 850 2086 altera
877 2048 1045 2092 omissis,
1056 2056 1139 2095 ‘qua
1155 2051 1238 2086 arte
1255 2047 1306 2085 ad
1322 2046 1496 2095 puellam
1512 2045 1676 2095 diligen-

291 2115 442 2153 tissime
460 2115 694 2153 custoditam
721 2115 870 2161 aditum
897 2114 972 2153 sibi
999 2114 1227 2162 aperuisset,
1262 2114 1457 2162 copiosius
1474 2125 1675 2153 enarrasse

291 2182 488 2230 putandus
506 2184 575 2220 est.
592 2182 640 2220 II.
659 2182 738 2219 12.:
765 2182 844 2219 iam
861 2181 909 2219 de
926 2181 1088 2220 victoria
1114 2183 1310 2229 reportata
1327 2181 1475 2229 agitur:
1493 2180 1674 2227 Corinna,

293 2260 412 2297 quam
429 2250 498 2296 vir,
517 2251 660 2295 eustos,
677 2249 797 2286 ianua
813 2247 928 2286 firma
944 2248 1156 2296 hostesque
1182 2249 1306 2286 invidi
1333 2248 1555 2296 servabant,
1583 2251 1673 2287 tan-
1709 2260 1711 2264 ’

292 2314 383 2353 dem
398 2314 608 2363 aliquando
626 2315 668 2351 in
685 2314 774 2351 sinu
791 2314 907 2352 amici
924 2317 984 2352 est
1001 2313 1075 2360 (vs.
1094 2313 1238 2360 1-4.):

405 2429 434 2465 ⁸)
454 2428 501 2457 Cf.
522 2427 595 2457 Am.
614 2430 633 2459 l.
655 2429 712 2457 111.
735 2429 779 2459 12.
799 2436 847 2457 vs,
871 2428 928 2460 162

617 2476 789 2514 Ingenium
808 2476 909 2506 movit
931 2476 1000 2506 sola
1020 2475 1158 2505 Corinna
1177 2484 1296 2505 meum.
