1899 2826
398 364 402 367 ι
777 290 955 361 CAPUT
979 275 1066 345 Vn.

315 385 748 460 ‚ierfioeleg-iarussn
800 410 905 459 'yclo
931 411 1168 449 meretrici
1182 394 1383 466 'cuidam
1409 388 1603 451 sacrato

347 525 534 564 Amorem
552 524 680 563 Ovidii
697 536 778 573 erg:
805 509 1046 564 meretricem
1067 527 1262 574 quandam
1292 538 1430 579 novem
1457 527 1603 574 elegiae

311 595 411 647 rant.
440 583 507 629 111.
528 592 570 629 2.
586 593 728 640 poeta'
717 604 759 629 m
785 593 918 630 iteum
936 593 1054 637 venit,
1071 595 1114 630 ut
1130 592 1351 641 loqueretur
1370 605 1457 655 cum
1471 594 1602 642 puella

231 657 335 701 siti·
323 669 403 697 lam
428 662 533 706 nota,
562 670 677 708 quae
685 659 798 697 ludos
825 658 910 699 sola
925 662 1095 708 spectat,
1098 659 1133 707 *)
1161 661 1264 699 unde
1292 672 1380 699 eam
1405 652 1485 700 non
1514 668 1600 702 esse

224 715 419 782 ii'enestae
444 727 559 765 sortis
586 725 772 765 feminam
798 727 931 775 statim
957 730 1127 775 apparet.
1153 720 1308 765 Iuvenis
1334 729 1478 775 gaudet
1494 729 1598 767 hanc

225 791 302 832 sibi
320 791 491 832 oblatam
509 805 594 832 esse
611 794 852 832 occasionem
871 794 1014 832 amoris
1032 793 1252 832 declarandi
1270 795 1517 842 (vss.1-:6)

460 899 530 928 Non
552 907 611 936 ego
631 898 789 928 nobilium
809 899 907 928 sedeo
929 899 1095 928 studiosus
1117 908 1273 936 equorum
1289 909 1294 928 :

513 947 572 976 Cui
592 951 698 977 tamen
718 947 791 985 ipsa
809 947 906 984 favet,
926 948 1033 977 vincat
1051 951 1087 977 ut
1106 948 1169 984 ille,
1190 948 1312 985 precor.

440 996 498 1025 Ut
517 996 669 1033 loquerer
686 999 802 1032 tecum,
822 996 907 1032 veni,
925 999 1096 1033 tecumque
1118 997 1274 1032 sederem,

509 1044 558 1072 Ne
578 1043 637 1072 tibi
655 1052 720 1072 non
738 1046 844 1080 notus,
863 1051 961 1081 quem
979 1043 1069 1080 facis,
1087 1046 1173 1073 esset
1193 1053 1290 1073 amor.

436 1091 504 1120 Tu
525 1099 641 1120 cursus
662 1094 798 1129 spectas,
820 1099 879 1129 egp
900 1093 949 1120 te:
972 1094 1153 1128 spectemus
1172 1095 1319 1128 uterque,

512 1139 602 1173 Quod
624 1139 680 1168 iuv
681 1141 713 1167 at
733 1142 829 1175 atque
851 1139 959 1168 oeulos
980 1142 1090 1176 paseat
1110 1142 1246 1177 uterque
1266 1140 1351 1169 suos'.

224 1234 359 1283 Itaque
401 1235 533 1282 parvis
572 1235 802 1282 quibusdam
840 1234 978 1272 officiis
1011 1235 1175 1281 gratiam
1210 1222 1361 1290 puellae
1394 1235 1469 1273 sibi
1502 1247 1592 1277 con-

110 1332 113 1342 ,
153 1317 156 1319 ’
190 1350 192 1355 ⁴
227 1301 357 1340 ciliare
375 1305 555 1347 conatur;
573 1305 705 1340 monet
723 1303 827 1341 enim
839 1301 961 1349 illum,
973 1302 1038 1350 qui
1054 1306 1143 1350 post
1160 1313 1246 1340 eam
1263 1302 1381 1347 sedet,
1398 1314 1448 1346 ne
1465 1304 1590 1350 rigido

190 1358 192 1379 ³
219 1380 326 1416 genu
343 1371 497 1416 tergum
514 1370 659 1408 amicae
675 1373 837 1418 premat,
864 1368 966 1407 tollit
982 1368 1120 1407 deinde
1135 1368 1298 1417 pallium
1315 1370 1408 1415 eius,
1430 1371 1532 1418 quod
1550 1371 1590 1408 in

189 1450 192 1487 ῃ
220 1439 363 1474 terram
390 1436 592 1485 delapsum
619 1437 780 1484 iacebat,
808 1448 853 1474 eo
866 1437 1112 1485 potissimum
1128 1434 1300 1480 consilio,
1327 1439 1371 1474 ut
1387 1448 1498 1475 crura
1513 1437 1591 1475 for-

220 1515 332 1555 mosa
350 1504 572 1552 conspicere
598 1505 732 1552 possit,
760 1506 844 1558 tum
860 1503 993 1542 faciles
1019 1506 1156 1541 ventos
1183 1503 1342 1541 arcessit
1358 1503 1526 1551 flabello,
1544 1508 1587 1542 ut

220 1574 373 1618 aestum
389 1571 523 1617 leniat,
541 1572 706 1620 denique
722 1574 872 1610 vestem
888 1570 1039 1620 puellae
1056 1570 1214 1619 pulvere
1231 1581 1479 1619 conspersam
1495 1583 1585 1619 pur-

181 1648 186 1650 ”
218 1643 296 1685 gat.
323 1638 413 1677 Non
430 1639 571 1677 frustra
600 1642 730 1677 autem
746 1644 901 1687 poetam
927 1639 1126 1677 laborasse
1152 1638 1292 1676 docent
1307 1612 1433 1686 ultinii
1450 1650 1584 1676 versus

187 1701 409 1760 }(83.84.)2
772 1749 778 1753 K
1015 1757 1018 1760 Δ
1161 1754 1163 1756 ¹
1416 1687 1419 1784 1

117 1793 123 1795 —
177 1806 187 1842 1¹
447 1810 531 1839 Risit
551 1814 582 1840 et
602 1811 725 1847 argutis
747 1810 901 1847 quiddam
921 1810 1069 1848 promisit
1090 1810 1210 1839 ocellis.

502 1859 570 1887 Hoc
592 1858 670 1887 satis
690 1858 751 1895 hic,
772 1859 834 1887 alio
855 1861 960 1888 cetera
980 1858 1079 1887 redde
1099 1858 1177 1887 loeo.
1417 1834 1419 1881 i

330 1954 358 1992 Ι.
393 1954 436 1992 8:
470 1957 585 2002 poeta
617 1955 714 1993 forte
757 1956 979 2003 invitusque
1011 1955 1123 1992 testis
1156 1957 1217 1992 est
1242 1951 1439 1992 'sermonis
1472 1953 1583 1992 lenae

215 2021 380 2069 vetulae,
392 2013 490 2071 quae
506 2021 677 2071 puellam
693 2023 803 2061 iussu
819 2023 971 2061 iuvenis
989 2022 1185 2060 cuiusdam
1204 2021 1334 2059 divitis
1351 2021 1392 2059 in
1418 2010 1585 2073 ³tuprum

215 2087 357 2127 illicere
382 2091 559 2138 temptat.
597 2090 709 2128 Anus
737 2090 840 2127 enim
866 2092 1022 2137 poetam
1054 2099 1263 2137 pauperem
1291 2099 1380 2126 cum
1410 2029 1586 2145 {mamre

213 2156 422 2203 pecunioso
440 2155 568 2195 hunce
585 2156 626 2194 in
642 2156 801 2195 modum
818 2158 1015 2204 comparat
1032 2155 1124 2202 (vss.
1143 2154 1334 2202 57—62.):

328 2267 355 2328 ’1)
375 2290 520 2319 Puellam
549 2290 644 2319 ludos
674 2289 776 2319 solam
806 2293 969 2327 spectasse
999 2298 1065 2318 vss.
1094 2289 1192 2335 huius
1223 2288 1344 2325 elegiae
1374 2288 1497 2341 27Ῑ-244
1528 2288 1583 2316 do-

212 2345 343 2367 eemur:
1423 2345 1424 2348 ¹

442 2404 526 2441 Quid
545 2405 667 2436 frustra
686 2404 838 2444 refugis?
860 2405 945 2443 cog-it
963 2414 1023 2435 nos
1043 2404 1129 2435 linea
1148 2395 1257 2442 iungi:
1318 2419 1320 2421 ·

496 2454 585 2483 Haec
603 2453 638 2483 in
656 2454 729 2492 lege
748 2453 811 2483 loci
831 2454 997 2483 commoda
1017 2453 1121 2482 circus
1141 2453 1247 2482 habet.
1424 2489 1425 2496 ἵ

440 2501 488 2529 Tu
508 2504 614 2531 tamen
634 2510 654 2531 a
673 2501 798 2538 dextra,
818 2501 1013 2539 quicumque
1034 2509 1079 2537 es,
1098 2509 1194 2538 parce
1214 2500 1358 2537 puellae:
1422 2500 1426 2543 i

495 2544 649 2578 Gontactu
668 2549 779 2579 lateris
798 2549 938 2586 laeditur
956 2548 1020 2578 ista
1038 2548 1096 2577 tui.
1424 2546 1426 2578 ἶ

1425 2710 1427 2741 l

1424 2747 1427 2826 h
