1899 2826
867 81 1230 142 420...
1259 91 1276 93 ”

298 218 371 255 pos
391 207 519 246 factus
536 210 597 246 est
598 206 647 256 ,*)
666 207 733 247 sed
750 219 797 247 eo
814 209 942 256 magis
962 208 1161 254 cruciatur
1173 205 1334 255 invidin3
1351 192 1461 245 cuin
1454 200 1461 204 ⁶

300 285 386 312 cam
413 275 495 312 viro
515 273 649 313 oscula
674 274 845 322 dantem,
873 285 991 323 quare
1016 276 1150 314 monet
1176 284 1275 322 eam,
1301 283 1352 312 ne
1377 271 1519 312 marito

302 341 512 386 concedat3
550 341 718 390 denique
754 342 877 390 docet,
921 342 1113 403 quomodo
1146 335 1325 386 amantes
1356 335 1612 392 prmenie

301 407 454 447 occulta
482 409 608 447 mutui
635 409 777 447 amoris
794 410 906 454 signa
922 409 1015 447 dare
1031 409 1194 457 possint
1220 408 1269 447 ΙΙ.
1289 395 1355 446 19·
1381 401 1582 456 poetam?

302 476 445 513 amoris
471 476 650 513 iam-iam
666 476 817 520 taedet3
843 477 1007 514 maritus
1034 476 1150 520 enim,
1168 476 1234 524 qui
1261 476 1377 513 antea
1401 483 1581 514 uxorem
1616 520 1646 534 ‚v

301 542 531 588 gentissime
549 543 795 591 custodierat,
811 554 916 581 nunc
932 542 1093 582 meliora
1109 542 1267 581 edoctus
1285 542 1449 582 nimium
1464 525 1680 595 indulgens

301 609 431 648 factus
449 613 519 657 est,
539 611 638 658 quod
656 613 795 658 poetae
811 611 970 648 minime
987 609 1125 658 placet,
1143 611 1234 659 quia
1251 609 1344 657 (vss.
1363 609 1429 648 3-
1435 609 1504 653 49:

534 715 628 750 Quod
649 716 733 751 licet,
753 715 917 752 ingratum
938 719 996 752 est,
1018 716 1105 753 quod
1123 725 1188 745 non
1207 716 1291 751 licet,
1313 715 1419 744 acrius
1439 715 1512 750 urit,

588 763 728 792 Ferreus
749 766 807 799 ost,
829 763 856 792 si
878 763 961 800 quis,
983 764 1070 800 quod
1090 763 1166 792 sinit
1186 763 1276 800 alter,
1296 766 1389 793 amat.

300 859 437 897 Monet
464 860 582 906 igitur
607 860 730 907 primo
757 860 949 903 maritum,
965 862 1008 897 ut
1023 870 1183 898 uxorem
1206 860 1351 898 maiore
1369 838 1565 898 cumcura
1582 870 1679 905 -cus-

301 926 436 975 todiat,
470 926 610 965 deinde
643 928 820 975 amicam,
847 930 892 965 ut
917 926 1019 965 fictis
1048 926 1187 965 saltem
1214 926 1501 975 impedimentis
1527 925 1678 975 tepidos
1706 923 1708 925 ’
1755 938 1768 952 Υ

306 994 451 1033 amoris
469 994 582 1041 ignes
608 996 839 1034 resuscitare
866 998 1033 1040 conetur,
1061 995 1161 1033 sicut
1177 994 1270 1033 olim
1286 993 1456 1033 Corinna
1471 994 1564 1033 fecit
1580 992 1676 1042 (vss.
1742 1035 1775 1046 „

303 1060 463 1109 9—18):

1741 1048 1775 1072 ,xis

534 1147 669 1177 Viderat
688 1146 750 1176 hoc
770 1148 801 1176 in
823 1156 874 1176 me
894 1141 1010 1177 vitium
1029 1149 1152 1178 versuta
1173 1147 1328 1179 Corinna:

594 1196 729 1232 Quaque
750 1195 821 1232 capi
840 1204 981 1232 possem,
1003 1195 1118 1224 callida
1137 1199 1230 1224 norat
1250 1204 1352 1233 opem.

537 1243 584 1271 Al
606 1243 755 1279 quotiens
777 1242 847 1271 sani
868 1242 981 1281 capitis
1001 1243 1134 1280 mentita
1154 1243 1281 1272 dolores

595 1290 804 1320 Cunctantem
824 1291 915 1320 tardo
935 1291 1031 1320 iussit
1052 1291 1140 1320 abire
1160 1291 1262 1328 pede!

538 1339 565 1367 A
582 1340 588 1367 !
611 1339 759 1376 quotiens
780 1339 874 1368 finxit
893 1340 1030 1377 culpam,
1052 1343 1272 1376 quantumque
1293 1339 1408 1367 licobat

597 1387 730 1424 Insonti,
750 1387 891 1425 speciem
910 1387 1060 1425 praebuit
1080 1396 1153 1416 esse
1172 1388 1311 1416 nocens!

539 1435 591 1464 Sic
612 1434 668 1464 ubi
687 1438 823 1465 vexarat
842 1435 1034 1473 tepidosque
1055 1435 1215 1465 refoverat
1234 1435 1336 1473 ignes,

594 1483 723 1513 Rursus
744 1487 813 1513 erat
831 1484 915 1513 votis
936 1484 1035 1513 comis
1057 1487 1088 1513 et
1109 1487 1183 1521 apta
1202 1484 1293 1514 meis.

537 1531 624 1565 Quas
644 1531 725 1560 mihi
744 1531 926 1568 blanditias,
948 1522 1045 1569 quam
1066 1531 1172 1560 dulcia
1191 1531 1291 1560 verba
1310 1531 1462 1568 parabat!

596 1578 724 1616 Oscula,
746 1579 778 1608 di
798 1579 918 1618 magni,
940 1579 1048 1617 qualia
1069 1582 1210 1617 quotque
1232 1578 1328 1608 dabat
1339 1578 1390 1617 Ψ)

308 1674 418 1719 Quae
445 1674 564 1711 verba
592 1676 687 1712 satis
715 1676 982 1712 demonstrant
1009 1678 1163 1722 poetam
1191 1675 1266 1712 hoc
1292 1677 1464 1722 tempore
1490 1675 1568 1712 iam
1603 1685 1682 1712 non
1750 1727 1754 1730 .

307 1740 428 1778 fuisse
455 1751 584 1778 amore
613 1743 665 1779 ita
691 1752 859 1789 caecum,
888 1744 931 1779 ut
957 1742 998 1779 in
1025 1741 1133 1789 cyclo
1159 1742 1284 1789 priore
1314 1741 1492 1788 vidimus,
1519 1735 1684 1788 pridemss
1711 1746 1721 1794 '⁷

308 1818 382 1854 que
399 1807 587 1845 abiecisse
604 1808 809 1855 indignum
826 1811 1003 1846 versutae
1022 1808 1212 1845 Corinnae
1228 1809 1373 1854 iugum.
1663 1794 1668 1801 ⁵

423 1941 449 1979 ⁸¹)
469 1941 561 1976 Quod
580 1950 647 1972 vs5.
668 1942 791 1972 21—22.
812 1945 986 1971 testantur:

538 2007 619 2038 Cum
638 2009 697 2038 tibi
718 2012 884 2043 succurret
903 2008 1042 2039 Veneris
1063 2009 1197 2038 lascivia
1215 2012 1353 2045 nostrae,

593 2058 779 2095 Purpureas
799 2061 909 2087 tenero
930 2058 1045 2094 pollice
1066 2060 1163 2094 tange
1183 2066 1293 2094 genaS.

425 2133 468 2170 **)
488 2133 595 2162 Huius
617 2134 739 2171 elegiae
759 2143 807 2164 vs,
831 2136 884 2165 19:

538 2201 586 2229 Tu
608 2209 747 2238 quoque,
768 2210 852 2239 quae
872 2204 999 2230 nostros
1020 2201 1157 2239 rapuisti
1177 2208 1282 2239 nuper
1302 2200 1420 2229 ocellos

308 2266 500 2295 referendus
523 2275 595 2297 esse
615 2268 745 2297 videtur
766 2268 807 2297 ad
827 2268 847 2297 1.
867 2268 900 2297 Π
919 2269 947 2301 2.
967 2277 1033 2298 VSS.
1055 2269 1149 2300 3-5:

538 2336 699 2365 Hesterna
718 2336 786 2366 vidi
807 2336 999 2375 spatiantem
1017 2336 1089 2366 luce
1106 2336 1249 2375 puellam

595 2383 664 2420 Illa,
686 2393 769 2421 quae
789 2384 892 2413 Danai
911 2384 1055 2423 porticus
1076 2393 1192 2422 agmen
1211 2384 1318 2414 habet.

538 2431 699 2468 Protinus,
721 2436 756 2461 ut
775 2432 905 2470 placuit,
925 2432 1000 2462 misi
1022 2432 1206 2470 scriptoque
1226 2431 1347 2469 rogavi.
