<?xml version="1.0" encoding="UTF-8"?>
<!DOCTYPE html PUBLIC "-//W3C//DTD XHTML 1.0 Transitional//EN"
    "http://www.w3.org/TR/xhtml1/DTD/xhtml1-transitional.dtd">
<html xmlns="http://www.w3.org/1999/xhtml" xml:lang="en" lang="en">
 <head>
  <title>
</title>
<meta http-equiv="Content-Type" content="text/html;charset=utf-8" />
  <meta name='ocr-system' content='tesseract 3.04.00' />
  <meta name='ocr-capabilities' content='ocr_page ocr_carea ocr_par ocr_line ocrx_word'/>
</head>
<body>
  <div class='ocr_page' id='page_1' title='image "4737367_0036.png"; bbox 0 0 1899 2826; ppageno 0'>
   <div class='ocr_carea' id='block_1_1' title="bbox 316 586 1563 648">
    <p class='ocr_par' dir='ltr' id='par_1_1' title="bbox 316 586 1563 648">
     <span class='ocr_line' id='line_1_1' title="bbox 316 586 1563 648; baseline 0.001 -10"><span class='ocrx_word' id='word_1_1' title='bbox 316 601 442 639; x_wconf 67' lang='lat' dir='ltr'>‘viros</span> <span class='ocrx_word' id='word_1_2' title='bbox 461 612 537 638; x_wconf 93' lang='lat' dir='ltr'>uno</span> <span class='ocrx_word' id='word_1_3' title='bbox 554 603 727 648; x_wconf 72' lang='lat' dir='ltr'>tempore</span> <span class='ocrx_word' id='word_1_4' title='bbox 754 592 885 637; x_wconf 84' lang='lat' dir='ltr'>amare</span> <span class='ocrx_word' id='word_1_5' title='bbox 902 601 941 636; x_wconf 84' lang='lat' dir='ltr'>et</span> <span class='ocrx_word' id='word_1_6' title='bbox 966 597 1100 636; x_wconf 81' lang='lat' dir='ltr'>fallere</span> <span class='ocrx_word' id='word_1_7' title='bbox 1125 588 1257 646; x_wconf 86' lang='lat' dir='ltr'>possit.</span> <span class='ocrx_word' id='word_1_8' title='bbox 1286 586 1563 648; x_wconf 67' lang='lat' dir='ltr'>1.10:pu011·i</span> 
     </span>
    </p>
   </div>
   <div class='ocr_carea' id='block_1_2' title="bbox 272 1374 1755 1423">
    <p class='ocr_par' dir='ltr' id='par_1_2' title="bbox 272 1374 1755 1423">
     <span class='ocr_line' id='line_1_2' title="bbox 272 1374 1755 1423; baseline 0 -10"><span class='ocrx_word' id='word_1_9' title='bbox 272 1406 275 1408; x_wconf 58' lang='grc'><strong>,</strong></span> <span class='ocrx_word' id='word_1_10' title='bbox 335 1375 465 1423; x_wconf 80' lang='lat' dir='ltr'>capilli</span> <span class='ocrx_word' id='word_1_11' title='bbox 483 1376 720 1414; x_wconf 82' lang='lat' dir='ltr'>exciderunt.</span> <span class='ocrx_word' id='word_1_12' title='bbox 738 1375 853 1413; x_wconf 87' lang='lat' dir='ltr'>Nunc</span> <span class='ocrx_word' id='word_1_13' title='bbox 870 1376 948 1414; x_wconf 91' lang='lat' dir='ltr'>iam</span> <span class='ocrx_word' id='word_1_14' title='bbox 968 1374 1378 1423; x_wconf 72' lang='lat' dir='ltr'>„captivisGerminae</span> <span class='ocrx_word' id='word_1_15' title='bbox 1396 1374 1588 1414; x_wconf 85' lang='lat' dir='ltr'>crinibus“</span> <span class='ocrx_word' id='word_1_16' title='bbox 1607 1375 1707 1423; x_wconf 69' lang='lat' dir='ltr'>egei,</span> <span class='ocrx_word' id='word_1_17' title='bbox 1752 1382 1755 1384; x_wconf 85' lang='grc'><strong>’</strong></span> 
     </span>
    </p>
   </div>
   <div class='ocr_carea' id='block_1_3' title="bbox 319 2094 1707 2142">
    <p class='ocr_par' dir='ltr' id='par_1_3' title="bbox 319 2094 1707 2142">
     <span class='ocr_line' id='line_1_3' title="bbox 319 2094 1707 2142; baseline 0.002 -13"><span class='ocrx_word' id='word_1_18' title='bbox 319 2094 530 2130; x_wconf 77' lang='lat' dir='ltr'>&#39;taurorum</span> <span class='ocrx_word' id='word_1_19' title='bbox 566 2104 608 2131; x_wconf 87' lang='lat' dir='ltr'>se</span> <span class='ocrx_word' id='word_1_20' title='bbox 638 2094 897 2133; x_wconf 75' lang='lat' dir='ltr'>immiscuisse</span> <span class='ocrx_word' id='word_1_21' title='bbox 933 2094 1051 2141; x_wconf 84' lang='lat' dir='ltr'>gregi.</span> <span class='ocrx_word' id='word_1_22' title='bbox 1090 2094 1227 2141; x_wconf 84' lang='lat' dir='ltr'><strong>Augur</strong></span> <span class='ocrx_word' id='word_1_23' title='bbox 1251 2105 1275 2132; x_wconf 90' lang='lat' dir='ltr'>a</span> <span class='ocrx_word' id='word_1_24' title='bbox 1300 2096 1416 2142; x_wconf 77' lang='lat' dir='ltr'>poeta</span> <span class='ocrx_word' id='word_1_25' title='bbox 1448 2094 1707 2141; x_wconf 80' lang='lat' dir='ltr'>interrogatus</span> 
     </span>
    </p>
   </div>
   <div class='ocr_carea' id='block_1_4' title="bbox 1348 174 1899 2826">
    <p class='ocr_par' dir='ltr' id='par_1_4' title="bbox 1348 174 1899 2826">
     <span class='ocr_line' id='line_1_4' title="bbox 1348 174 1892 444; baseline 0 -190"><span class='ocrx_word' id='word_1_26' title='bbox 1348 174 1892 444; x_wconf 95' lang='lat' dir='ltr'>   </span> 
     </span>
     <span class='ocr_line' id='line_1_5' title="bbox 1546 444 1892 606; baseline 0 -101"><span class='ocrx_word' id='word_1_27' title='bbox 1546 444 1892 606; x_wconf 95' lang='lat' dir='ltr'>   </span> 
     </span>
     <span class='ocr_line' id='line_1_6' title="bbox 1539 606 1892 705; baseline 0 -31"><span class='ocrx_word' id='word_1_28' title='bbox 1539 606 1892 705; x_wconf 95' lang='lat' dir='ltr'>  </span> 
     </span>
     <span class='ocr_line' id='line_1_7' title="bbox 1740 705 1892 814; baseline 0 2012"><span class='ocrx_word' id='word_1_29' title='bbox 1740 705 1892 814; x_wconf 95' lang='lat' dir='ltr'> </span> 
     </span>
     <span class='ocr_line' id='line_1_8' title="bbox 1667 814 1899 2826; baseline 0 -1609"><span class='ocrx_word' id='word_1_30' title='bbox 1667 814 1899 2826; x_wconf 95' lang='lat' dir='ltr'>    </span> 
     </span>
    </p>
   </div>
   <div class='ocr_carea' id='block_1_5' title="bbox 563 161 1481 473">
    <p class='ocr_par' dir='ltr' id='par_1_5' title="bbox 563 161 1348 281">
     <span class='ocr_line' id='line_1_9' title="bbox 563 161 1348 238; baseline 0.001 -13"><span class='ocrx_word' id='word_1_31' title='bbox 563 196 657 232; x_wconf 80' lang='lat' dir='ltr'>Ecce,</span> <span class='ocrx_word' id='word_1_32' title='bbox 678 195 757 233; x_wconf 87' lang='lat' dir='ltr'>quid</span> <span class='ocrx_word' id='word_1_33' title='bbox 775 194 838 228; x_wconf 82' lang='lat' dir='ltr'>iste</span> <span class='ocrx_word' id='word_1_34' title='bbox 858 198 935 233; x_wconf 71' lang='lat' dir='ltr'>nius</span> <span class='ocrx_word' id='word_1_35' title='bbox 953 161 1098 234; x_wconf 73' lang='lat' dir='ltr'>practer</span> <span class='ocrx_word' id='word_1_36' title='bbox 1100 195 1186 236; x_wconf 78' lang='lat' dir='ltr'>nova</span> <span class='ocrx_word' id='word_1_37' title='bbox 1197 189 1348 238; x_wconf 61' lang='lat' dir='ltr'>carmina</span> 
     </span>
     <span class='ocr_line' id='line_1_10' title="bbox 621 233 1322 290; baseline 0.001 -18"><span class='ocrx_word' id='word_1_38' title='bbox 621 242 754 272; x_wconf 77' lang='lat' dir='ltr'>Donat?</span> <span class='ocrx_word' id='word_1_39' title='bbox 772 242 936 274; x_wconf 83' lang='lat' dir='ltr'>Amatoris</span> <span class='ocrx_word' id='word_1_40' title='bbox 955 242 1046 279; x_wconf 80' lang='lat' dir='ltr'>milia</span> <span class='ocrx_word' id='word_1_41' title='bbox 1063 233 1167 273; x_wconf 56' lang='lat' dir='ltr'>mults</span> <span class='ocrx_word' id='word_1_42' title='bbox 1185 239 1287 290; x_wconf 70' lang='lat' dir='ltr'>leges.</span> <span class='ocrx_word' id='word_1_43' title='bbox 1310 274 1322 279; x_wconf 59' lang='lat'><em>„</em></span> 
     </span>
    </p>

    <p class='ocr_par' dir='ltr' id='par_1_6' title="bbox 566 283 1481 377">
     <span class='ocr_line' id='line_1_11' title="bbox 566 283 1481 330; baseline 0.001 -11"><span class='ocrx_word' id='word_1_44' title='bbox 566 292 642 329; x_wconf 85' lang='lat' dir='ltr'>Ipse</span> <span class='ocrx_word' id='word_1_45' title='bbox 663 291 745 321; x_wconf 87' lang='lat' dir='ltr'>deus</span> <span class='ocrx_word' id='word_1_46' title='bbox 764 293 876 322; x_wconf 75' lang='lat' dir='ltr'>vatum</span> <span class='ocrx_word' id='word_1_47' title='bbox 894 291 984 330; x_wconf 78' lang='lat' dir='ltr'>palla</span> <span class='ocrx_word' id='word_1_48' title='bbox 1003 283 1193 329; x_wconf 69' lang='lat' dir='ltr'>spectabilis</span> <span class='ocrx_word' id='word_1_49' title='bbox 1208 283 1309 320; x_wconf 66' lang='lat' dir='ltr'>aui-ea</span> <span class='ocrx_word' id='word_1_50' title='bbox 1356 309 1360 312; x_wconf 93' lang='lat'><em>-</em></span> <span class='ocrx_word' id='word_1_51' title='bbox 1395 285 1419 312; x_wconf 79' lang='lat' dir='ltr'>‘J</span> <span class='ocrx_word' id='word_1_52' title='bbox 1448 284 1457 297; x_wconf 87' lang='grc'><em>”</em></span> <span class='ocrx_word' id='word_1_53' title='bbox 1477 293 1481 295; x_wconf 69' lang='grc'><strong><em>’</em></strong></span> 
     </span>
     <span class='ocr_line' id='line_1_12' title="bbox 621 337 1290 377; baseline 0 -9"><span class='ocrx_word' id='word_1_54' title='bbox 621 339 749 368; x_wconf 75' lang='lat' dir='ltr'><strong>Tractat</strong></span> <span class='ocrx_word' id='word_1_55' title='bbox 768 339 938 369; x_wconf 80' lang='lat' dir='ltr'>inauratae</span> <span class='ocrx_word' id='word_1_56' title='bbox 958 346 1099 368; x_wconf 83' lang='lat' dir='ltr'>consona</span> <span class='ocrx_word' id='word_1_57' title='bbox 1116 337 1173 368; x_wconf 80' lang='lat' dir='ltr'>fila</span> <span class='ocrx_word' id='word_1_58' title='bbox 1191 338 1290 377; x_wconf 82' lang='lat' dir='ltr'>lyrae.</span> 
     </span>
    </p>

    <p class='ocr_par' dir='ltr' id='par_1_7' title="bbox 567 382 1406 473">
     <span class='ocr_line' id='line_1_13' title="bbox 567 382 1406 425; baseline 0.001 -9"><span class='ocrx_word' id='word_1_59' title='bbox 567 387 629 423; x_wconf 85' lang='lat' dir='ltr'>Qui</span> <span class='ocrx_word' id='word_1_60' title='bbox 650 387 749 424; x_wconf 87' lang='lat' dir='ltr'>dabit,</span> <span class='ocrx_word' id='word_1_61' title='bbox 768 387 823 417; x_wconf 88' lang='lat' dir='ltr'>ille</span> <span class='ocrx_word' id='word_1_62' title='bbox 842 387 903 418; x_wconf 84' lang='lat' dir='ltr'>tibi</span> <span class='ocrx_word' id='word_1_63' title='bbox 921 386 1103 425; x_wconf 71' lang='lat' dir='ltr'>magno&#39;sit</span> <span class='ocrx_word' id='word_1_64' title='bbox 1121 387 1225 417; x_wconf 80' lang='lat' dir='ltr'>maior</span> <span class='ocrx_word' id='word_1_65' title='bbox 1243 382 1406 425; x_wconf 53' lang='lat' dir='ltr'>Homero}</span> 
     </span>
     <span class='ocr_line' id='line_1_14' title="bbox 624 435 1273 473; baseline 0.002 -9"><span class='ocrx_word' id='word_1_66' title='bbox 624 435 726 472; x_wconf 87' lang='lat' dir='ltr'>Crede</span> <span class='ocrx_word' id='word_1_67' title='bbox 746 435 836 472; x_wconf 89' lang='lat' dir='ltr'>mihi,</span> <span class='ocrx_word' id='word_1_68' title='bbox 856 444 910 465; x_wconf 87' lang='lat' dir='ltr'>res</span> <span class='ocrx_word' id='word_1_69' title='bbox 931 439 981 465; x_wconf 85' lang='lat' dir='ltr'>est</span> <span class='ocrx_word' id='word_1_70' title='bbox 999 435 1169 473; x_wconf 77' lang='lat' dir='ltr'>ingeniosa</span> <span class='ocrx_word' id='word_1_71' title='bbox 1187 435 1273 465; x_wconf 79' lang='lat' dir='ltr'>dare.</span> 
     </span>
    </p>
   </div>
   <div class='ocr_carea' id='block_1_6' title="bbox 335 530 1651 589">
    <p class='ocr_par' dir='ltr' id='par_1_8' title="bbox 335 530 1653 589">
     <span class='ocr_line' id='line_1_15' title="bbox 335 530 1651 589; baseline 0.001 -18"><span class='ocrx_word' id='word_1_72' title='bbox 335 532 486 572; x_wconf 83' lang='lat' dir='ltr'>Deinde</span> <span class='ocrx_word' id='word_1_73' title='bbox 522 532 683 574; x_wconf 86' lang='lat' dir='ltr'>utilibus</span> <span class='ocrx_word' id='word_1_74' title='bbox 721 532 878 570; x_wconf 83' lang='lat' dir='ltr'>instruit</span> <span class='ocrx_word' id='word_1_75' title='bbox 913 532 1128 580; x_wconf 79' lang='lat' dir='ltr'>praeceptis</span> <span class='ocrx_word' id='word_1_76' title='bbox 1155 530 1348 582; x_wconf 60' lang='lat' dir='ltr'>puenam,</span> <span class='ocrx_word' id='word_1_77' title='bbox 1364 532 1557 589; x_wconf 78' lang='lat' dir='ltr'>quomodo</span> <span class='ocrx_word' id='word_1_78' title='bbox 1611 531 1651 587; x_wconf 52' lang='lat' dir='ltr'>JJ</span> 
     </span>
    </p>
   </div>
   <div class='ocr_carea' id='block_1_7' title="bbox 335 662 1548 720">
    <p class='ocr_par' dir='ltr' id='par_1_9' title="bbox 335 662 1548 720">
     <span class='ocr_line' id='line_1_16' title="bbox 335 662 1548 720; baseline 0.001 -14"><span class='ocrx_word' id='word_1_79' title='bbox 335 679 414 708; x_wconf 91' lang='lat' dir='ltr'>non</span> <span class='ocrx_word' id='word_1_80' title='bbox 431 668 516 707; x_wconf 86' lang='lat' dir='ltr'>sine</span> <span class='ocrx_word' id='word_1_81' title='bbox 547 666 676 706; x_wconf 84' lang='lat' dir='ltr'>fructu</span> <span class='ocrx_word' id='word_1_82' title='bbox 701 667 825 706; x_wconf 79' lang='lat' dir='ltr'>audiit</span> <span class='ocrx_word' id='word_1_83' title='bbox 848 666 998 706; x_wconf 87' lang='lat' dir='ltr'>monita</span> <span class='ocrx_word' id='word_1_84' title='bbox 1013 662 1144 712; x_wconf 81' lang='lat' dir='ltr'>lenae3</span> <span class='ocrx_word' id='word_1_85' title='bbox 1173 665 1251 704; x_wconf 90' lang='lat' dir='ltr'>iam</span> <span class='ocrx_word' id='word_1_86' title='bbox 1278 665 1381 706; x_wconf 88' lang='lat' dir='ltr'>dona</span> <span class='ocrx_word' id='word_1_87' title='bbox 1406 667 1548 720; x_wconf 58' lang='lat' dir='ltr'>poncii:¹</span> 
     </span>
    </p>
   </div>
   <div class='ocr_carea' id='block_1_8' title="bbox 334 732 1806 789">
    <p class='ocr_par' dir='ltr' id='par_1_10' title="bbox 334 732 1806 789">
     <span class='ocr_line' id='line_1_17' title="bbox 334 732 1806 789; baseline -0.002 -15"><span class='ocrx_word' id='word_1_88' title='bbox 334 736 563 782; x_wconf 86' lang='lat' dir='ltr'>miserrimc,</span> <span class='ocrx_word' id='word_1_89' title='bbox 597 736 662 783; x_wconf 91' lang='lat' dir='ltr'>qui</span> <span class='ocrx_word' id='word_1_90' title='bbox 690 735 731 772; x_wconf 91' lang='lat' dir='ltr'>in</span> <span class='ocrx_word' id='word_1_91' title='bbox 765 735 980 782; x_wconf 84' lang='lat' dir='ltr'>avaritiam,</span> <span class='ocrx_word' id='word_1_92' title='bbox 1013 734 1225 772; x_wconf 83' lang='lat' dir='ltr'>maximam</span> <span class='ocrx_word' id='word_1_93' title='bbox 1252 734 1391 771; x_wconf 84' lang='lat' dir='ltr'>aetatis</span> <span class='ocrx_word' id='word_1_94' title='bbox 1424 744 1518 785; x_wconf 83' lang='lat' dir='ltr'>suae</span> <span class='ocrx_word' id='word_1_95' title='bbox 1532 732 1740 789; x_wconf 51' lang='grc' dir='ltr'>οπΙρωῂω</span> <span class='ocrx_word' id='word_1_96' title='bbox 1796 747 1806 760; x_wconf 58' lang='lat'>*-</span> 
     </span>
    </p>
   </div>
   <div class='ocr_carea' id='block_1_9' title="bbox 335 799 1617 852">
    <p class='ocr_par' dir='ltr' id='par_1_11' title="bbox 335 799 1617 852">
     <span class='ocr_line' id='line_1_18' title="bbox 335 799 1617 852; baseline -0.002 -10"><span class='ocrx_word' id='word_1_97' title='bbox 335 815 466 842; x_wconf 88' lang='lat' dir='ltr'>amare</span> <span class='ocrx_word' id='word_1_98' title='bbox 483 803 708 842; x_wconf 83' lang='lat' dir='ltr'>invehitur</span> <span class='ocrx_word' id='word_1_99' title='bbox 697 814 857 851; x_wconf 82' lang='lat' dir='ltr'>luraque</span> <span class='ocrx_word' id='word_1_100' title='bbox 873 813 1035 852; x_wconf 82' lang='lat' dir='ltr'>poeseos</span> <span class='ocrx_word' id='word_1_101' title='bbox 1053 803 1108 841; x_wconf 75' lang='lat' dir='ltr'>ita</span> <span class='ocrx_word' id='word_1_102' title='bbox 1124 801 1296 840; x_wconf 82' lang='lat' dir='ltr'>defendit</span> <span class='ocrx_word' id='word_1_103' title='bbox 1312 799 1408 848; x_wconf 87' lang='lat' dir='ltr'>(vss.</span> <span class='ocrx_word' id='word_1_104' title='bbox 1426 801 1517 840; x_wconf 83' lang='lat'>59-</span> <span class='ocrx_word' id='word_1_105' title='bbox 1512 801 1617 844; x_wconf 75' lang='lat'>64):·</span> 
     </span>
    </p>
   </div>
   <div class='ocr_carea' id='block_1_10' title="bbox 564 885 1531 1184">
    <p class='ocr_par' dir='ltr' id='par_1_12' title="bbox 564 885 1480 997">
     <span class='ocr_line' id='line_1_19' title="bbox 564 885 1480 945; baseline 0 -10"><span class='ocrx_word' id='word_1_106' title='bbox 564 906 623 935; x_wconf 81' lang='lat' dir='ltr'>Est</span> <span class='ocrx_word' id='word_1_107' title='bbox 644 914 774 945; x_wconf 88' lang='lat' dir='ltr'>quoque</span> <span class='ocrx_word' id='word_1_108' title='bbox 795 906 992 935; x_wconf 84' lang='lat' dir='ltr'>carminibus</span> <span class='ocrx_word' id='word_1_109' title='bbox 1013 906 1145 935; x_wconf 82' lang='lat' dir='ltr'>meritas</span> <span class='ocrx_word' id='word_1_110' title='bbox 1171 906 1334 936; x_wconf 86' lang='lat' dir='ltr'>celebrare</span> <span class='ocrx_word' id='word_1_111' title='bbox 1354 885 1480 944; x_wconf 80' lang='lat' dir='ltr'>puellas</span> 
     </span>
     <span class='ocr_line' id='line_1_20' title="bbox 621 954 1391 997; baseline -0.003 -14"><span class='ocrx_word' id='word_1_112' title='bbox 621 955 688 983; x_wconf 88' lang='lat' dir='ltr'>Dos</span> <span class='ocrx_word' id='word_1_113' title='bbox 702 963 795 991; x_wconf 81' lang='lat' dir='ltr'>mea:</span> <span class='ocrx_word' id='word_1_114' title='bbox 819 962 916 991; x_wconf 86' lang='lat' dir='ltr'>quam</span> <span class='ocrx_word' id='word_1_115' title='bbox 935 954 1032 990; x_wconf 81' lang='lat' dir='ltr'>volui,</span> <span class='ocrx_word' id='word_1_116' title='bbox 1052 958 1128 984; x_wconf 88' lang='lat' dir='ltr'>nota</span> <span class='ocrx_word' id='word_1_117' title='bbox 1146 955 1182 984; x_wconf 77' lang='lat' dir='ltr'>fit</span> <span class='ocrx_word' id='word_1_118' title='bbox 1202 958 1270 984; x_wconf 76' lang='lat' dir='ltr'>arte</span> <span class='ocrx_word' id='word_1_119' title='bbox 1283 962 1372 997; x_wconf 77' lang='lat' dir='ltr'>mea.</span> <span class='ocrx_word' id='word_1_120' title='bbox 1389 979 1391 981; x_wconf 87' lang='grc'><em>,</em></span> 
     </span>
    </p>

    <p class='ocr_par' dir='ltr' id='par_1_13' title="bbox 566 1000 1531 1088">
     <span class='ocr_line' id='line_1_21' title="bbox 566 1000 1531 1040; baseline -0.001 -9"><span class='ocrx_word' id='word_1_121' title='bbox 566 1002 761 1031; x_wconf 83' lang='lat' dir='ltr'>Scindentur</span> <span class='ocrx_word' id='word_1_122' title='bbox 780 1005 898 1038; x_wconf 79' lang='lat' dir='ltr'>vestes,</span> <span class='ocrx_word' id='word_1_123' title='bbox 918 1010 1066 1039; x_wconf 85' lang='lat' dir='ltr'>gemmae</span> <span class='ocrx_word' id='word_1_124' title='bbox 1085 1003 1276 1040; x_wconf 76' lang='lat' dir='ltr'>frangentur</span> <span class='ocrx_word' id='word_1_125' title='bbox 1296 1005 1327 1032; x_wconf 75' lang='lat' dir='ltr'>et</span> <span class='ocrx_word' id='word_1_126' title='bbox 1348 1010 1461 1031; x_wconf 87' lang='lat' dir='ltr'>aurum</span> <span class='ocrx_word' id='word_1_127' title='bbox 1477 1011 1482 1030; x_wconf 90' lang='lat'>:</span> <span class='ocrx_word' id='word_1_128' title='bbox 1528 1000 1531 1001; x_wconf 49' lang='lat'><em>⁷</em></span> 
     </span>
     <span class='ocr_line' id='line_1_22' title="bbox 621 1049 1430 1088; baseline -0.001 -9"><span class='ocrx_word' id='word_1_129' title='bbox 621 1049 772 1080; x_wconf 78' lang='lat' dir='ltr'>Carmina</span> <span class='ocrx_word' id='word_1_130' title='bbox 793 1057 890 1087; x_wconf 78' lang='lat' dir='ltr'>quam</span> <span class='ocrx_word' id='word_1_131' title='bbox 911 1049 1169 1087; x_wconf 50' lang='lat' dir='ltr'>tribuentsfama</span> <span class='ocrx_word' id='word_1_132' title='bbox 1188 1049 1342 1088; x_wconf 87' lang='lat' dir='ltr'>perennis</span> <span class='ocrx_word' id='word_1_133' title='bbox 1362 1049 1430 1078; x_wconf 84' lang='lat' dir='ltr'>erit.</span> 
     </span>
    </p>

    <p class='ocr_par' dir='ltr' id='par_1_14' title="bbox 564 1091 1466 1184">
     <span class='ocr_line' id='line_1_23' title="bbox 564 1091 1466 1136; baseline 0.001 -10"><span class='ocrx_word' id='word_1_134' title='bbox 564 1099 631 1126; x_wconf 87' lang='lat' dir='ltr'>Nec</span> <span class='ocrx_word' id='word_1_135' title='bbox 653 1097 739 1135; x_wconf 87' lang='lat' dir='ltr'>dare,</span> <span class='ocrx_word' id='word_1_136' title='bbox 758 1098 819 1127; x_wconf 72' lang='lat' dir='ltr'>sed</span> <span class='ocrx_word' id='word_1_137' title='bbox 839 1098 979 1136; x_wconf 86' lang='lat' dir='ltr'>pretium</span> <span class='ocrx_word' id='word_1_138' title='bbox 999 1098 1089 1135; x_wconf 85' lang='lat' dir='ltr'>posci</span> <span class='ocrx_word' id='word_1_139' title='bbox 1110 1097 1269 1136; x_wconf 76' lang='lat' dir='ltr'>dedignor</span> <span class='ocrx_word' id='word_1_140' title='bbox 1289 1100 1320 1127; x_wconf 83' lang='lat' dir='ltr'>et</span> <span class='ocrx_word' id='word_1_141' title='bbox 1340 1097 1401 1127; x_wconf 87' lang='lat' dir='ltr'>odi.</span> <span class='ocrx_word' id='word_1_142' title='bbox 1464 1091 1466 1093; x_wconf 41' lang='lat'>¹</span> 
     </span>
     <span class='ocr_line' id='line_1_24' title="bbox 624 1146 1353 1184; baseline 0.001 -10"><span class='ocrx_word' id='word_1_143' title='bbox 624 1146 716 1180; x_wconf 86' lang='lat' dir='ltr'>Quod</span> <span class='ocrx_word' id='word_1_144' title='bbox 734 1154 818 1183; x_wconf 85' lang='lat' dir='ltr'>nego</span> <span class='ocrx_word' id='word_1_145' title='bbox 838 1147 993 1184; x_wconf 86' lang='lat' dir='ltr'>poscenti,</span> <span class='ocrx_word' id='word_1_146' title='bbox 1015 1146 1126 1175; x_wconf 85' lang='lat' dir='ltr'>desine</span> <span class='ocrx_word' id='word_1_147' title='bbox 1146 1147 1240 1181; x_wconf 87' lang='lat' dir='ltr'>velle,</span> <span class='ocrx_word' id='word_1_148' title='bbox 1261 1147 1353 1175; x_wconf 88' lang='lat' dir='ltr'>dabo.</span> 
     </span>
    </p>
   </div>
   <div class='ocr_carea' id='block_1_11' title="bbox 335 1227 1708 1360">
    <p class='ocr_par' dir='ltr' id='par_1_15' title="bbox 335 1227 1708 1360">
     <span class='ocr_line' id='line_1_25' title="bbox 451 1227 1707 1290; baseline 0.001 -11"><span class='ocrx_word' id='word_1_149' title='bbox 451 1242 478 1279; x_wconf 92' lang='lat' dir='ltr'>I.</span> <span class='ocrx_word' id='word_1_150' title='bbox 499 1242 564 1279; x_wconf 87' lang='lat'>14:</span> <span class='ocrx_word' id='word_1_151' title='bbox 582 1245 697 1289; x_wconf 86' lang='lat' dir='ltr'>poeta</span> <span class='ocrx_word' id='word_1_152' title='bbox 707 1243 863 1290; x_wconf 87' lang='lat' dir='ltr'>saepius</span> <span class='ocrx_word' id='word_1_153' title='bbox 874 1243 1024 1280; x_wconf 84' lang='lat' dir='ltr'>monuit</span> <span class='ocrx_word' id='word_1_154' title='bbox 1040 1241 1223 1290; x_wconf 78' lang='lat' dir='ltr'>puellam,</span> <span class='ocrx_word' id='word_1_155' title='bbox 1239 1227 1288 1280; x_wconf 85' lang='lat' dir='ltr'>ne</span> <span class='ocrx_word' id='word_1_156' title='bbox 1306 1241 1466 1289; x_wconf 83' lang='lat' dir='ltr'>capillos</span> <span class='ocrx_word' id='word_1_157' title='bbox 1478 1227 1707 1287; x_wconf 57' lang='lat' dir='ltr'>medicatam</span> 
     </span>
     <span class='ocr_line' id='line_1_26' title="bbox 335 1304 1708 1360; baseline -0.001 -13"><span class='ocrx_word' id='word_1_158' title='bbox 335 1309 404 1347; x_wconf 87' lang='lat' dir='ltr'>sed</span> <span class='ocrx_word' id='word_1_159' title='bbox 423 1320 469 1347; x_wconf 88' lang='lat' dir='ltr'>ea</span> <span class='ocrx_word' id='word_1_160' title='bbox 484 1320 591 1347; x_wconf 85' lang='lat' dir='ltr'>more</span> <span class='ocrx_word' id='word_1_161' title='bbox 609 1309 748 1346; x_wconf 81' lang='lat' dir='ltr'>aetatis</span> <span class='ocrx_word' id='word_1_162' title='bbox 775 1307 880 1346; x_wconf 85' lang='lat' dir='ltr'>illius</span> <span class='ocrx_word' id='word_1_163' title='bbox 899 1308 974 1346; x_wconf 88' lang='lat' dir='ltr'>hoc</span> <span class='ocrx_word' id='word_1_164' title='bbox 991 1308 1117 1347; x_wconf 80' lang='lat' dir='ltr'>facere</span> <span class='ocrx_word' id='word_1_165' title='bbox 1135 1320 1180 1346; x_wconf 89' lang='lat' dir='ltr'>eo</span> <span class='ocrx_word' id='word_1_166' title='bbox 1197 1319 1320 1356; x_wconf 86' lang='lat' dir='ltr'>usque</span> <span class='ocrx_word' id='word_1_167' title='bbox 1337 1319 1416 1347; x_wconf 90' lang='lat' dir='ltr'>non</span> <span class='ocrx_word' id='word_1_168' title='bbox 1433 1308 1558 1355; x_wconf 86' lang='lat' dir='ltr'>desiit,</span> <span class='ocrx_word' id='word_1_169' title='bbox 1585 1304 1708 1360; x_wconf 81' lang='lat' dir='ltr'>donec</span> 
     </span>
    </p>
   </div>
   <div class='ocr_carea' id='block_1_12' title="bbox 332 1433 1708 1557">
    <p class='ocr_par' dir='ltr' id='par_1_16' title="bbox 332 1433 1708 1557">
     <span class='ocr_line' id='line_1_27' title="bbox 335 1433 1708 1491; baseline 0 -11"><span class='ocrx_word' id='word_1_170' title='bbox 335 1454 452 1491; x_wconf 85' lang='lat' dir='ltr'>quare</span> <span class='ocrx_word' id='word_1_171' title='bbox 469 1445 584 1491; x_wconf 86' lang='lat' dir='ltr'>poeta</span> <span class='ocrx_word' id='word_1_172' title='bbox 595 1444 779 1482; x_wconf 86' lang='lat' dir='ltr'>acerrime</span> <span class='ocrx_word' id='word_1_173' title='bbox 790 1443 954 1482; x_wconf 91' lang='lat' dir='ltr'>nimium</span> <span class='ocrx_word' id='word_1_174' title='bbox 965 1442 1196 1481; x_wconf 82' lang='lat' dir='ltr'>feminarum</span> <span class='ocrx_word' id='word_1_175' title='bbox 1207 1442 1342 1481; x_wconf 85' lang='lat' dir='ltr'>luxum</span> <span class='ocrx_word' id='word_1_176' title='bbox 1353 1433 1530 1489; x_wconf 81' lang='lat' dir='ltr'>castigat,</span> <span class='ocrx_word' id='word_1_177' title='bbox 1541 1442 1708 1491; x_wconf 85' lang='lat' dir='ltr'>denique</span> 
     </span>
     <span class='ocr_line' id='line_1_28' title="bbox 332 1509 1286 1557; baseline 0.001 -10"><span class='ocrx_word' id='word_1_178' title='bbox 332 1514 466 1548; x_wconf 86' lang='lat' dir='ltr'>tamen</span> <span class='ocrx_word' id='word_1_179' title='bbox 495 1512 659 1549; x_wconf 86' lang='lat' dir='ltr'>amicam</span> <span class='ocrx_word' id='word_1_180' title='bbox 678 1512 734 1549; x_wconf 84' lang='lat' dir='ltr'>ita</span> <span class='ocrx_word' id='word_1_181' title='bbox 751 1510 972 1549; x_wconf 82' lang='lat' dir='ltr'>consolatur</span> <span class='ocrx_word' id='word_1_182' title='bbox 989 1511 1085 1557; x_wconf 86' lang='lat' dir='ltr'>(vss.</span> <span class='ocrx_word' id='word_1_183' title='bbox 1105 1511 1186 1548; x_wconf 87' lang='lat'>55-</span> <span class='ocrx_word' id='word_1_184' title='bbox 1200 1509 1286 1556; x_wconf 82' lang='lat'>56):</span> 
     </span>
    </p>
   </div>
   <div class='ocr_carea' id='block_1_13' title="bbox 507 1602 1481 1701">
    <p class='ocr_par' dir='ltr' id='par_1_17' title="bbox 507 1602 1481 1701">
     <span class='ocr_line' id='line_1_29' title="bbox 507 1602 1481 1654; baseline 0 -10"><span class='ocrx_word' id='word_1_185' title='bbox 507 1614 630 1654; x_wconf 81' lang='lat' dir='ltr'>Collige</span> <span class='ocrx_word' id='word_1_186' title='bbox 652 1624 723 1645; x_wconf 83' lang='lat' dir='ltr'>cum</span> <span class='ocrx_word' id='word_1_187' title='bbox 744 1616 836 1645; x_wconf 87' lang='lat' dir='ltr'>vultu</span> <span class='ocrx_word' id='word_1_188' title='bbox 856 1616 1015 1645; x_wconf 78' lang='lat' dir='ltr'>mentem!</span> <span class='ocrx_word' id='word_1_189' title='bbox 1036 1615 1228 1653; x_wconf 74' lang='lat' dir='ltr'>Rapax-abile</span> <span class='ocrx_word' id='word_1_190' title='bbox 1250 1615 1401 1644; x_wconf 86' lang='lat' dir='ltr'>damnum</span> <span class='ocrx_word' id='word_1_191' title='bbox 1424 1602 1481 1644; x_wconf 75' lang='lat' dir='ltr'>cst.</span> 
     </span>
     <span class='ocr_line' id='line_1_30' title="bbox 563 1663 1231 1701; baseline 0.001 -9"><span class='ocrx_word' id='word_1_192' title='bbox 563 1663 736 1692; x_wconf 83' lang='lat' dir='ltr'>Postmodo</span> <span class='ocrx_word' id='word_1_193' title='bbox 756 1664 866 1693; x_wconf 85' lang='lat' dir='ltr'>nativa</span> <span class='ocrx_word' id='word_1_194' title='bbox 885 1663 1083 1701; x_wconf 85' lang='lat' dir='ltr'>conspiciere</span> <span class='ocrx_word' id='word_1_195' title='bbox 1104 1664 1231 1700; x_wconf 73' lang='lat' dir='ltr'>coma.·)</span> 
     </span>
    </p>
   </div>
   <div class='ocr_carea' id='block_1_14' title="bbox 333 1757 1735 2075">
    <p class='ocr_par' dir='ltr' id='par_1_18' title="bbox 333 1757 1735 2075">
     <span class='ocr_line' id='line_1_31' title="bbox 448 1757 1709 1806; baseline 0.001 -11"><span class='ocrx_word' id='word_1_196' title='bbox 448 1757 515 1795; x_wconf 93' lang='lat' dir='ltr'>III.</span> <span class='ocrx_word' id='word_1_197' title='bbox 543 1758 585 1795; x_wconf 90' lang='lat'>5:</span> <span class='ocrx_word' id='word_1_198' title='bbox 614 1761 731 1806; x_wconf 87' lang='lat' dir='ltr'>poeta</span> <span class='ocrx_word' id='word_1_199' title='bbox 755 1757 858 1797; x_wconf 89' lang='lat' dir='ltr'>malo</span> <span class='ocrx_word' id='word_1_200' title='bbox 887 1758 1077 1796; x_wconf 88' lang='lat' dir='ltr'>cruciatur</span> <span class='ocrx_word' id='word_1_201' title='bbox 1103 1758 1272 1796; x_wconf 89' lang='lat' dir='ltr'>somnio:</span> <span class='ocrx_word' id='word_1_202' title='bbox 1302 1758 1397 1796; x_wconf 85' lang='lat' dir='ltr'>vidit</span> <span class='ocrx_word' id='word_1_203' title='bbox 1414 1759 1522 1796; x_wconf 88' lang='lat' dir='ltr'>enim</span> <span class='ocrx_word' id='word_1_204' title='bbox 1549 1769 1709 1797; x_wconf 85' lang='lat' dir='ltr'>vaccam</span> 
     </span>
     <span class='ocr_line' id='line_1_32' title="bbox 333 1824 1708 1874; baseline 0 -12"><span class='ocrx_word' id='word_1_205' title='bbox 333 1824 464 1862; x_wconf 87' lang='lat' dir='ltr'>albam</span> <span class='ocrx_word' id='word_1_206' title='bbox 481 1828 520 1863; x_wconf 87' lang='lat' dir='ltr'>et</span> <span class='ocrx_word' id='word_1_207' title='bbox 536 1829 691 1863; x_wconf 83' lang='lat' dir='ltr'>taurum</span> <span class='ocrx_word' id='word_1_208' title='bbox 707 1827 748 1863; x_wconf 93' lang='lat' dir='ltr'>in</span> <span class='ocrx_word' id='word_1_209' title='bbox 766 1837 902 1874; x_wconf 90' lang='lat' dir='ltr'>campo</span> <span class='ocrx_word' id='word_1_210' title='bbox 919 1837 999 1863; x_wconf 89' lang='lat' dir='ltr'>una</span> <span class='ocrx_word' id='word_1_211' title='bbox 1015 1826 1207 1870; x_wconf 82' lang='lat' dir='ltr'>iacentes3</span> <span class='ocrx_word' id='word_1_212' title='bbox 1235 1825 1374 1864; x_wconf 85' lang='lat' dir='ltr'>deinde</span> <span class='ocrx_word' id='word_1_213' title='bbox 1390 1830 1501 1864; x_wconf 87' lang='lat' dir='ltr'>tauro</span> <span class='ocrx_word' id='word_1_214' title='bbox 1519 1825 1708 1871; x_wconf 86' lang='lat' dir='ltr'>obdormi-</span> 
     </span>
     <span class='ocr_line' id='line_1_33' title="bbox 333 1892 1735 1941; baseline 0.001 -13"><span class='ocrx_word' id='word_1_215' title='bbox 333 1894 465 1929; x_wconf 76' lang='lat' dir='ltr'>scente</span> <span class='ocrx_word' id='word_1_216' title='bbox 493 1893 683 1931; x_wconf 83' lang='lat' dir='ltr'>cornicem</span> <span class='ocrx_word' id='word_1_217' title='bbox 708 1894 864 1932; x_wconf 87' lang='lat' dir='ltr'>venisse</span> <span class='ocrx_word' id='word_1_218' title='bbox 891 1893 964 1931; x_wconf 86' lang='lat' dir='ltr'>alis</span> <span class='ocrx_word' id='word_1_219' title='bbox 991 1892 1192 1941; x_wconf 86' lang='lat' dir='ltr'>delapsam</span> <span class='ocrx_word' id='word_1_220' title='bbox 1208 1895 1247 1930; x_wconf 85' lang='lat' dir='ltr'>et</span> <span class='ocrx_word' id='word_1_221' title='bbox 1263 1903 1403 1931; x_wconf 87' lang='lat' dir='ltr'>vaccae</span> <span class='ocrx_word' id='word_1_222' title='bbox 1419 1893 1556 1931; x_wconf 88' lang='lat' dir='ltr'>niveae</span> <span class='ocrx_word' id='word_1_223' title='bbox 1572 1895 1735 1941; x_wconf 55' lang='lat' dir='ltr'>pectus:-</span> 
     </span>
     <span class='ocr_line' id='line_1_34' title="bbox 334 1958 1719 2006; baseline 0.001 -11"><span class='ocrx_word' id='word_1_224' title='bbox 334 1961 457 1996; x_wconf 90' lang='lat' dir='ltr'>rostro</span> <span class='ocrx_word' id='word_1_225' title='bbox 474 1959 530 1996; x_wconf 80' lang='lat' dir='ltr'>ita</span> <span class='ocrx_word' id='word_1_226' title='bbox 546 1958 701 2006; x_wconf 76' lang='lat' dir='ltr'>fodisse,</span> <span class='ocrx_word' id='word_1_227' title='bbox 729 1963 772 1997; x_wconf 84' lang='lat' dir='ltr'>ut</span> <span class='ocrx_word' id='word_1_228' title='bbox 789 1959 961 1997; x_wconf 87' lang='lat' dir='ltr'>vulneris</span> <span class='ocrx_word' id='word_1_229' title='bbox 985 1959 1069 1997; x_wconf 87' lang='lat' dir='ltr'>loco</span> <span class='ocrx_word' id='word_1_230' title='bbox 1096 1960 1207 2006; x_wconf 84' lang='lat' dir='ltr'>niger</span> <span class='ocrx_word' id='word_1_231' title='bbox 1231 1958 1330 1997; x_wconf 85' lang='lat' dir='ltr'>livor</span> <span class='ocrx_word' id='word_1_232' title='bbox 1356 1961 1594 2006; x_wconf 84' lang='lat' dir='ltr'>remaneret;</span> <span class='ocrx_word' id='word_1_233' title='bbox 1623 1962 1719 1996; x_wconf 22' lang='lat' dir='ltr'>tum*</span> 
     </span>
     <span class='ocr_line' id='line_1_35' title="bbox 333 2025 1707 2075; baseline 0.003 -14"><span class='ocrx_word' id='word_1_234' title='bbox 333 2035 493 2062; x_wconf 86' lang='lat' dir='ltr'>vaccam</span> <span class='ocrx_word' id='word_1_235' title='bbox 510 2025 577 2063; x_wconf 90' lang='lat' dir='ltr'>diu</span> <span class='ocrx_word' id='word_1_236' title='bbox 605 2029 825 2064; x_wconf 82' lang='lat' dir='ltr'>cunctatam</span> <span class='ocrx_word' id='word_1_237' title='bbox 852 2026 981 2064; x_wconf 90' lang='lat' dir='ltr'>locum</span> <span class='ocrx_word' id='word_1_238' title='bbox 1007 2029 1238 2074; x_wconf 78' lang='lat' dir='ltr'>taurumque</span> <span class='ocrx_word' id='word_1_239' title='bbox 1265 2025 1466 2075; x_wconf 85' lang='lat' dir='ltr'>reliquisse</span> <span class='ocrx_word' id='word_1_240' title='bbox 1484 2030 1523 2065; x_wconf 88' lang='lat' dir='ltr'>et</span> <span class='ocrx_word' id='word_1_241' title='bbox 1543 2025 1707 2065; x_wconf 82' lang='lat' dir='ltr'>aliorum</span> 
     </span>
    </p>
   </div>
   <div class='ocr_carea' id='block_1_15' title="bbox 331 2156 1323 2210">
    <p class='ocr_par' dir='ltr' id='par_1_19' title="bbox 331 2156 1323 2210">
     <span class='ocr_line' id='line_1_36' title="bbox 331 2156 1323 2210; baseline 0.003 -15"><span class='ocrx_word' id='word_1_242' title='bbox 331 2156 542 2198; x_wconf 82' lang='lat' dir='ltr'>nocturnas</span> <span class='ocrx_word' id='word_1_243' title='bbox 560 2160 752 2208; x_wconf 81' lang='lat' dir='ltr'>imagines</span> <span class='ocrx_word' id='word_1_244' title='bbox 769 2162 824 2200; x_wconf 84' lang='lat' dir='ltr'>ita</span> <span class='ocrx_word' id='word_1_245' title='bbox 842 2161 1010 2210; x_wconf 85' lang='lat' dir='ltr'>explicat</span> <span class='ocrx_word' id='word_1_246' title='bbox 1027 2161 1121 2208; x_wconf 81' lang='lat' dir='ltr'>(vsS.</span> <span class='ocrx_word' id='word_1_247' title='bbox 1140 2159 1186 2198; x_wconf 82' lang='lat'>37</span> <span class='ocrx_word' id='word_1_248' title='bbox 1194 2160 1323 2208; x_wconf 90' lang='lat'>-44):</span> 
     </span>
    </p>
   </div>
   <div class='ocr_carea' id='block_1_16' title="bbox 332 2236 562 2242">
    <p class='ocr_par' dir='ltr' id='par_1_20' title="bbox 332 2236 562 2242">
     <span class='ocr_line' id='line_1_37' title="bbox 332 2236 562 2242; baseline 0 0"><span class='ocrx_word' id='word_1_249' title='bbox 332 2236 562 2242; x_wconf 95' lang='lat' dir='ltr'> </span> 
     </span>
    </p>
   </div>
   <div class='ocr_carea' id='block_1_17' title="bbox 447 2282 1669 2323">
    <p class='ocr_par' dir='ltr' id='par_1_21' title="bbox 447 2282 1669 2323">
     <span class='ocr_line' id='line_1_38' title="bbox 447 2282 1669 2323; baseline 0.002 -12"><span class='ocrx_word' id='word_1_250' title='bbox 447 2282 473 2321; x_wconf 82' lang='grc'>*)</span> <span class='ocrx_word' id='word_1_251' title='bbox 494 2283 698 2314; x_wconf 82' lang='lat' dir='ltr'>Meretricem</span> <span class='ocrx_word' id='word_1_252' title='bbox 716 2285 820 2314; x_wconf 79' lang='lat' dir='ltr'>fuisse</span> <span class='ocrx_word' id='word_1_253' title='bbox 840 2285 981 2323; x_wconf 85' lang='lat' dir='ltr'>puellam</span> <span class='ocrx_word' id='word_1_254' title='bbox 1001 2293 1067 2313; x_wconf 86' lang='lat' dir='ltr'>vss.</span> <span class='ocrx_word' id='word_1_255' title='bbox 1091 2285 1211 2316; x_wconf 83' lang='lat'>17—18.</span> <span class='ocrx_word' id='word_1_256' title='bbox 1231 2284 1330 2314; x_wconf 86' lang='lat' dir='ltr'>huius</span> <span class='ocrx_word' id='word_1_257' title='bbox 1351 2284 1474 2322; x_wconf 83' lang='lat' dir='ltr'>elegiae</span> <span class='ocrx_word' id='word_1_258' title='bbox 1496 2285 1669 2314; x_wconf 74' lang='lat' dir='ltr'>docemur:</span> 
     </span>
    </p>
   </div>
   <div class='ocr_carea' id='block_1_18' title="bbox 561 2350 1447 2437">
    <p class='ocr_par' dir='ltr' id='par_1_22' title="bbox 561 2350 1447 2437">
     <span class='ocr_line' id='line_1_39' title="bbox 561 2350 1447 2388; baseline 0.001 -9"><span class='ocrx_word' id='word_1_259' title='bbox 561 2350 646 2379; x_wconf 84' lang='lat' dir='ltr'>Ante</span> <span class='ocrx_word' id='word_1_260' title='bbox 666 2360 756 2379; x_wconf 87' lang='lat' dir='ltr'>meos</span> <span class='ocrx_word' id='word_1_261' title='bbox 777 2360 874 2388; x_wconf 86' lang='lat' dir='ltr'>saepe</span> <span class='ocrx_word' id='word_1_262' title='bbox 895 2354 945 2379; x_wconf 88' lang='lat' dir='ltr'>est</span> <span class='ocrx_word' id='word_1_263' title='bbox 965 2351 1074 2379; x_wconf 91' lang='lat' dir='ltr'>oculos</span> <span class='ocrx_word' id='word_1_264' title='bbox 1095 2354 1206 2379; x_wconf 76' lang='lat' dir='ltr'>ornata</span> <span class='ocrx_word' id='word_1_265' title='bbox 1225 2360 1284 2379; x_wconf 89' lang='lat' dir='ltr'>nec</span> <span class='ocrx_word' id='word_1_266' title='bbox 1304 2360 1447 2387; x_wconf 78' lang='lat' dir='ltr'>unquam</span> 
     </span>
     <span class='ocr_line' id='line_1_40' title="bbox 617 2397 1239 2437; baseline -0.002 -9"><span class='ocrx_word' id='word_1_267' title='bbox 617 2397 773 2428; x_wconf 84' lang='lat' dir='ltr'>Bracchia</span> <span class='ocrx_word' id='word_1_268' title='bbox 793 2399 926 2437; x_wconf 85' lang='lat' dir='ltr'>derepta</span> <span class='ocrx_word' id='word_1_269' title='bbox 946 2397 1056 2428; x_wconf 84' lang='lat' dir='ltr'>saucia</span> <span class='ocrx_word' id='word_1_270' title='bbox 1075 2397 1151 2428; x_wconf 85' lang='lat' dir='ltr'>fecit</span> <span class='ocrx_word' id='word_1_271' title='bbox 1172 2406 1239 2428; x_wconf 79' lang='lat' dir='ltr'>acu.</span> 
     </span>
    </p>
   </div>
   <div class='ocr_carea' id='block_1_19' title="bbox 331 2462 1720 2540">
    <p class='ocr_par' dir='ltr' id='par_1_23' title="bbox 331 2462 1720 2540">
     <span class='ocr_line' id='line_1_41' title="bbox 335 2462 1720 2503; baseline 0.004 -12"><span class='ocrx_word' id='word_1_272' title='bbox 335 2462 462 2492; x_wconf 85' lang='lat' dir='ltr'>Scimus</span> <span class='ocrx_word' id='word_1_273' title='bbox 487 2463 572 2493; x_wconf 85' lang='lat' dir='ltr'>enim</span> <span class='ocrx_word' id='word_1_274' title='bbox 605 2473 694 2494; x_wconf 87' lang='lat' dir='ltr'>more</span> <span class='ocrx_word' id='word_1_275' title='bbox 727 2469 893 2503; x_wconf 83' lang='lat' dir='ltr'>receptum</span> <span class='ocrx_word' id='word_1_276' title='bbox 926 2464 1030 2494; x_wconf 79' lang='lat' dir='ltr'>fuisse</span> <span class='ocrx_word' id='word_1_277' title='bbox 1068 2465 1154 2502; x_wconf 83' lang='lat' dir='ltr'>apud</span> <span class='ocrx_word' id='word_1_278' title='bbox 1174 2465 1369 2502; x_wconf 85' lang='lat' dir='ltr'>meretrices,</span> <span class='ocrx_word' id='word_1_279' title='bbox 1390 2469 1426 2494; x_wconf 79' lang='lat' dir='ltr'>ut</span> <span class='ocrx_word' id='word_1_280' title='bbox 1460 2473 1567 2494; x_wconf 84' lang='lat' dir='ltr'>coram</span> <span class='ocrx_word' id='word_1_281' title='bbox 1595 2465 1720 2497; x_wconf 79' lang='lat' dir='ltr'>amieis.</span> 
     </span>
     <span class='ocr_line' id='line_1_42' title="bbox 331 2513 531 2540; baseline 0.005 -2"><span class='ocrx_word' id='word_1_282' title='bbox 331 2513 531 2540; x_wconf 82' lang='lat' dir='ltr'>ornarentur.</span> 
     </span>
    </p>
   </div>
  </div>
 </body>
</html>
