1899 2826
294 204 391 242 culis
424 204 644 242 rhetoricae
673 202 930 256 scholasticae
962 199 1132 241 ‘liberare
1165 192 1355 248 nondum‘
1440 243 1444 246 ,

294 279 448 320 quoque
464 271 643 309 fatemur.
668 269 775 308 Haec
792 269 910 318 igitur
926 269 1099 309 carmina
1123 269 1281 319 ingenio
1297 257 1381 308 eius
1395 258 1522 328 multo

294 341 386 376 sunt
401 337 568 385 propria,
586 348 703 385 quam
719 348 775 381 ea,
792 348 891 385 quae
907 337 949 374 in
965 337 1108 375 erotico
1131 347 1273 383 genere
1287 330 1426 390 postea
1440 325 1527 387 com

295 416 370 453 quo
388 405 536 443 factum
553 407 624 451 est,
641 407 686 442 ut
699 415 750 442 ne
767 403 978 442 Corinnam
1005 403 1161 453 quidem
1176 404 1233 442 ita
1246 413 1338 442 vere
1362 402 1579 465 vivideque

295 473 441 511 cribere
458 473 595 520 possit,
622 472 724 510 sicut
739 471 962 519 Propertius
979 471 1201 519 Cynthiam.
1228 461 1364 518 Neque
1379 467 1513 509 tamen
1526 466 1598 530 pro

295 551 383 577 mus
400 550 534 577 eorum
551 538 796 585 sententiam,
822 538 889 586 qui
905 541 1070 580 Amores
1085 537 1187 575 nihil
1201 540 1353 586 praeter
1369 535 1604 585 exercitam„

296 607 487 655 quaedam
517 617 680 654 poeseos
697 605 932 644 scholastica
956 609 1184 654 praeterque
1200 603 1354 643 fabulas
1380 602 1570 653 quaedam
1585 611 1651 648 ero

295 669 393 712 ticas
418 675 522 711 inter
548 685 590 710 se
616 685 696 710 non
723 672 975 711 cohaerentes
1000 659 1259 721 lasciviaeque
1287 683 1404 721 causa
1429 664 1682 720 excogitatas,

304 743 503 780 continere
538 733 783 784 existimant3
817 741 872 778 ita
907 741 1009 778 enim
1046 751 1115 783 eae
1140 742 1295 781 tantum
1327 738 1474 786 elegiae
1505 736 1705 793 possunt?

298 808 541 856 reprehendi,
572 819 669 855 quas
692 818 765 844 nos
800 807 953 854 partim,
979 803 1023 844 ut
1050 807 1149 844 locos
1180 816 1410 852 communes,
1441 805 1599 853 partim,
1622 806 1673 850 ‚ut
1706 836 1710 838 s

250 923 252 925 μ
298 879 452 923 apertas
496 875 682 910 lasciviae
730 874 989 919 confessiones
1016 885 1040 911 a
1066 874 1203 911 ceteris
1248 873 1549 921 segregavimus.
1592 868 1670 909 Sed
1701 900 1703 902 .

299 942 519 989 quicunque
546 942 621 977 tres
646 941 734 976 illos
749 940 953 986 eleqiarum
980 940 1106 987 cyclos
1132 951 1250 987 supra
1265 940 1307 977 in
1332 939 1509 985 ordinem
1531 924 1670 985 probass
1702 974 1703 977 ,

299 1007 418 1046 bilem
436 1008 616 1054 redactos
643 1006 849 1054 diligenter
874 1007 1088 1055 perlegerit,
1114 1007 1238 1050 multa
1253 1008 1301 1057 in¹
1320 1006 1549 1055 Amoribus‚-
1572 996 1671 1055 quae
1749 1057 1752 1058 ⁷

298 1079 414 1123 poeta
431 1075 520 1122 ipse
538 1077 720 1122 expertus
737 1075 799 1118 sit,
812 1074 868 1111 ita
882 1077 1026 1121 tamen,
1038 1078 1081 1112 ut
1096 1086 1189 1112 vera
1202 1074 1307 1121 fictis
1322 1074 1465 1122 ubique
1481 1073 1673 1121 permixta
1731 1058 1744 1066 ⁴

299 1141 424 1190 sint,*)
457 1141 623 1179 inveniri
649 1144 765 1189 atque
793 1152 841 1179 ex
866 1140 936 1179 tali
969 1143 1184 1181 carminum
1217 1141 1453 1186 collectione,
1484 1140 1673 1188 quomodo

295 1210 410 1254 poeta
428 1219 477 1244 ea:
493 1209 668 1244 amatore
694 1208 817 1244 tirum
833 1209 979 1244 sensim
1005 1209 1190 1254 magister
1206 1209 1354 1256 amoris
1370 1208 1544 1250 evaserit,
1563 1206 1672 1243 lucu-

299 1276 424 1314 lenter
441 1285 626 1322 apparere
644 1277 744 1312 certe
761 1261 841 1312 non
857 1274 1026 1322 negabit.
1549 1316 1553 1319 r

414 1342 536 1379 Poeta
564 1341 669 1378 enim
684 1341 837 1379 iuvenis
852 1341 1052 1389 modestus
1069 1341 1404 1389 humanarumque
1421 1352 1548 1378 rerum
1565 1341 1674 1378 inex-

302 1412 433 1458 pertus
461 1418 547 1445 esse
577 1407 739 1451 videtur,
767 1407 832 1455 qui
860 1407 907 1445 de
939 1407 1017 1445 fide
1045 1410 1212 1455 aeterna,
1247 1408 1295 1446 de
1319 1419 1449 1446 amore
1475 1418 1597 1456 usque
1624 1402 1674 1445 ad

302 1488 526 1526 supremum
537 1476 641 1514 diem
652 1476 834 1514 duraturo
852 1477 1031 1521 somniat,
1049 1488 1138 1514 cum
1154 1478 1298 1524 primos
1315 1488 1466 1515 amores
1483 1475 1674 1514 Corinnae

303 1545 415 1583 offert
432 1554 594 1591 eamque
614 1543 670 1580 sic
687 1537 897 1591 alloquitur
914 1542 959 1589 (Ι.
979 1542 1013 1588 3,
1031 1543 1053 1580 5
1067 1542 1185 1588 -16):

475 1666 594 1704 Accipe
613 1675 673 1703 per
688 1667 801 1703 longos
822 1666 880 1695 tibi
900 1667 957 1703 qui
977 1667 1138 1695 deserviat
1158 1675 1278 1698 annos:

532 1714 660 1751 Accipe,
681 1714 737 1750 qui
757 1722 839 1751 pura
858 1714 942 1742 norit
962 1723 1069 1743 amare
1089 1714 1161 1743 fide.

481 1762 515 1790 Si
536 1770 587 1791 me
607 1770 671 1790 non
695 1764 842 1790 veterum
861 1762 1084 1790 commendant
1103 1771 1221 1799 magna
1240 1766 1408 1799 parentum

533 1809 679 1844 Nomina,
700 1809 728 1844 si
747 1809 849 1837 nostri
870 1809 1037 1846 sanguinis
1058 1812 1169 1838 auctor
1188 1818 1298 1847 eques,

476 1858 543 1886 Nec
562 1865 657 1886 meus
675 1856 854 1885 innumeris
875 1856 1049 1886 renouatur
1068 1866 1200 1895 campus
1221 1858 1345 1893 aratris,

535 1905 705 1941 Temperat
725 1907 756 1933 et
777 1908 925 1942 sumptus
944 1913 1061 1941 parcus
1082 1908 1218 1942 uterque
1238 1914 1373 1942 parens:

477 1952 520 1980 At
539 1945 692 1980 Phoebus
713 1951 911 1988 comitesque
931 1961 1047 1981 novem
1067 1952 1208 1989 vitisque
1229 1956 1374 1989 repertor

536 1999 619 2027 Hinc
637 1999 765 2027 faciunt.
789 2002 821 2027 at
840 2007 892 2027 me
916 1999 971 2036 qui
991 2000 1050 2028 tibi
1070 2000 1175 2035 donat,
1195 1999 1305 2035 Amory

478 2046 518 2074 Et
537 2046 618 2074 nulli
638 2055 771 2075 cessura
788 2046 881 2082 fides,
901 2047 970 2075 sine
992 2047 1124 2075 crimine
1144 2055 1260 2083 morea,

536 2094 700 2130 Nudaque
722 2093 911 2131 simplicitas
931 2103 1181 2132 purpureusque
1200 2095 1314 2132 pudor.

479 2142 551 2170 Non
572 2141 652 2170 mihi
671 2142 760 2170 mille
780 2142 917 2179 placent,
937 2151 1001 2170 non
1021 2151 1094 2171 sum
1115 2143 1260 2171 desultor
1279 2143 1416 2171 amoris:

537 2189 584 2217 'l‘u
605 2188 693 2223 mihi,
716 2190 743 2217 si
765 2198 830 2226 qua
849 2190 939 2224 fides,
961 2199 1038 2218 cura
1057 2190 1209 2227 perennis
1230 2190 1315 2218 eris.-

423 2313 450 2351 *)
471 2314 540 2342 Hoc
560 2317 668 2343 autem
688 2323 751 2342 non
773 2314 878 2342 solum
897 2314 932 2342 in
953 2314 1079 2350 Ovidio,
1112 2314 1170 2343 sed
1201 2315 1296 2343 etiam
1330 2315 1362 2342 in
1393 2315 1519 2343 Tibullo
1548 2315 1683 2352 Proper-

308 2361 417 2396 tioque
437 2360 687 2398 interpretandis
707 2361 842 2390 maximi
859 2356 912 2390 'est
940 2362 1102 2391 momenti.
1132 2362 1216 2390 Nam
1245 2362 1383 2390 contenti
1413 2370 1485 2391 esse
1515 2362 1682 2398 debemus.

308 2407 338 2436 si
358 2407 536 2437 carminum
552 2409 597 2438 ad
617 2417 715 2437 unam
744 2409 886 2446 puellam
915 2408 1144 2446 pertinentium
1173 2409 1402 2445 cohaerentiam,
1419 2412 1468 2438 ‘ut
1496 2408 1541 2438 ita
1568 2409 1682 2444 dicam,

308 2454 437 2486 idealem
457 2456 627 2485 restituere
649 2465 824 2494 possumus
846 2474 882 2478 —
902 2465 1009 2494 neque
1030 2457 1115 2486 enim
1136 2458 1228 2487 aliter
1244 2461 1332 2486 recta
1350 2460 1456 2494 potest
1486 2466 1558 2487 esse
1587 2457 1684 2486 inter-

307 2503 444 2539 pretatio
466 2519 502 2524 —-
523 2504 581 2532 sed
602 2505 780 2533 cavendum
801 2508 859 2540 est,
879 2513 920 2533 ne
941 2504 1047 2533 omnia
1067 2513 1101 2533 re
1122 2513 1199 2534 vera
1218 2505 1262 2534 ita
1285 2505 1387 2534 fuisse
1408 2505 1586 2534 credamus.
