1899 2826
872 65 1112 103 ——12-‘—

298 183 429 210 amore
445 172 575 210 vivere
591 171 707 216 velit;
734 183 827 210 nam
854 173 973 210 etiam
999 175 1163 210 mortem
1189 183 1302 210 suam
1327 171 1402 210 hae
1417 163 1500 209 vita
1515 159 1675 218 dignam

297 240 378 277 fore
396 241 528 287 sperat
545 238 640 285 (vss.
658 238 846 286 29—30.):
1655 241 1658 245 '

531 353 634 388 Felix,
656 361 754 389 quem
775 353 913 382 Veneris
934 352 1107 382 certamina
1127 336 1239 381 mutua
1260 352 1408 390 perdunt.

591 401 632 430 Di
652 400 781 437 faciant,
801 400 857 430 leti
871 409 968 430 causa
988 401 1029 430 sit
1049 401 1112 430 ista
1131 400 1204 430 mei.

297 506 362 544 111.
379 506 435 543 7.:
455 506 587 543 nocuit
604 509 736 543 tamen
764 506 809 553 ei,
838 508 881 543 ut
908 504 1083 543 hocloco
1100 508 1242 552 narrat,
1264 505 1409 544 nimius
1427 516 1535 544 amor
1550 508 1675 554 neque
1697 490 1709 499 l

296 585 449 622 semper
470 573 637 621 gloriose
656 574 696 611 in
714 573 878 612 Veneris
895 574 1033 612 castris
1049 572 1241 612 militavit.

868 858 1042 897 CAPUT
1060 858 1106 895 V.

297 953 365 992 De
392 945 545 1003 p'rimo
565 953 825 1003 elegiarum
841 953 973 1003 cyclo
991 952 1223 993 Corinnae
1240 953 1429 993 nomine
1455 952 1675 994 ornando.

387 1070 574 1133 ‘plegiae
592 1070 774 1118 reliquae,
794 1071 840 1108 de
860 1071 1000 1118 quibus
1027 1082 1144 1118 supra
1170 1082 1249 1108 non
1276 1071 1571 1118 disputavimus,
1597 1082 1675 1109 om-

298 1149 369 1175 nes
386 1138 427 1174 in
444 1140 524 1175 tres
545 1137 677 1185 cyclos
698 1138 951 1176 cohaerentes
976 1138 1032 1174 ita
1057 1137 1235 1175 distribui
1251 1141 1426 1185 possunt,
1443 1140 1487 1175 ut
1502 1149 1675 1186 unoquo-

298 1216 372 1252 que
400 1204 509 1252 cyclo
540 1205 712 1243 narratio
741 1204 932 1252 quaedam
959 1205 1101 1242 erotica
1129 1205 1379 1242 contineatur.
1399 1204 1552 1242 Primus
1572 1205 1676 1243 enim

298 1271 430 1318 cyclus
449 1271 642 1309 Corinnae
680 1272 838 1308 nomine
871 1275 973 1308 recte
1008 1274 1174 1318 ornatur,
1209 1270 1373 1309 alterum
1402 1274 1517 1318 poeta
1532 1274 1675 1319 nuptae

299 1329 453 1375 cuidam
470 1338 580 1375 nullo
615 1339 772 1376 nomine
807 1340 963 1375 notatae
997 1339 1175 1384 sacravit,
1194 1338 1234 1375 in
1250 1338 1363 1376 tertio
1396 1338 1561 1387 denique
1589 1350 1677 1376 eum

285 1406 497 1442 ‘meretrice
517 1405 688 1452 quadam
715 1405 828 1442 nobis
855 1405 998 1452 pariter
1024 1405 1158 1451 ignota
1175 1416 1256 1442 rem
1273 1416 1314 1442 se
1332 1404 1517 1442 habuisse
1533 1409 1674 1443 narrat.

415 1471 494 1509 Sed
522 1484 610 1509 cum
639 1472 737 1509 haec
766 1472 908 1509 diversi
936 1472 1154 1517 argumenti
1182 1472 1353 1508 carmina
1378 1482 1483 1508 more
1502 1475 1676 1509 veterum

298 1542 502 1585 poetarum
520 1539 561 1575 in
581 1538 707 1576 tribus
724 1538 915 1576 Amorum
931 1537 1040 1576 libris
1057 1537 1164 1576 nullo
1182 1538 1313 1576 ordine
1332 1542 1483 1576 servato
1504 1539 1583 1577 sint
1598 1538 1676 1577 dis-

297 1617 421 1653 persa,
439 1618 489 1643 ne
507 1607 547 1642 in
565 1606 633 1643 tali
651 1591 874 1653 labyrintho
891 1618 914 1643 a
929 1606 1125 1652 proposito
1143 1605 1221 1642 fine
1239 1606 1471 1652 aberremus,
1490 1617 1586 1653 opus
1615 1609 1675 1644 est

297 1672 411 1710 nobis
428 1670 495 1710 filo
515 1673 684 1720 quodam
701 1673 908 1719 Ariadneo,
929 1683 1005 1721 qua
1022 1672 1068 1727 de
1088 1683 1204 1710 causa
1220 1671 1320 1710 nihil
1337 1657 1448 1721 priusx
1457 1672 1676 1712 faciendum

297 1745 489 1787 putamus,
511 1752 630 1788 quam
647 1744 690 1777 ut
707 1744 810 1778 recte
828 1740 1056 1787 colligamus
1084 1741 1230 1787 elegias
1259 1741 1309 1778 ad
1335 1740 1545 1778 Corinnam
1560 1742 1676 1788 perti-

297 1810 447 1854 nentes,
467 1806 609 1854 quibus
629 1818 675 1844 ea
694 1807 912 1844 continetur
922 1808 1100 1852 narratio,
1119 1808 1228 1844 cuius
1239 1807 1486 1846 cohaerentia
1501 1806 1677 1854 diligenti

296 1873 431 1912 lectori
449 1873 637 1912 facillime
656 1877 826 1921 apparet.
861 1874 920 1911 Ita
948 1875 1186 1912 conserimus
1219 1874 1520 1920 pulcherrimam
1537 1873 1677 1920 elegia-

297 1952 382 1977 rum
413 1941 525 1988 quasi
562 1951 743 1977 coronam
761 1952 781 1992 e
800 1940 970 1978 sedecim
1003 1939 1239 1977 carminibus
1273 1942 1526 1987 constantem,
1560 1950 1678 1988 quam

296 2008 449 2046 duobus
467 2007 630 2055 reliquis
650 2008 770 2055 cyclis
789 2009 975 2046 maiorem
992 2019 1078 2045 esse
1096 2011 1196 2045 certe
1214 2019 1328 2045 nemo
1360 2007 1571 2054 mirabitur,
1589 2018 1678 2045 cum

296 2078 433 2112 notum
452 2076 504 2112 sit
526 2075 707 2112 omnibus
725 2074 937 2113 Corinnam
963 2075 1067 2122 apud
1084 2074 1268 2112 Ovidium
1285 2074 1440 2112 easdem
1457 2085 1571 2121 agere
1587 2085 1675 2122 par-

295 2147 367 2190 tes,
387 2154 484 2189 quas
505 2142 612 2191 apud
630 2142 793 2181 Gallum
811 2142 982 2190 Lycoris,
1000 2142 1104 2190 apud
1121 2141 1318 2179 Tibullum
1335 2141 1458 2187 Delia,
1470 2142 1574 2190 apud
1588 2142 1678 2180 Pro·

295 2211 463 2257 pertium
481 2209 656 2257 Cynthia
673 2210 773 2256 egit;
809 2221 904 2247 nam
938 2209 1108 2246 Corinna
1140 2208 1215 2246 fuit
1243 2208 1372 2246 Ovidii
1387 2210 1559 2247 maxima
1576 2220 1678 2257 cura,
1733 2237 1739 2241 .

297 2287 544 2324 quamquam,
582 2277 683 2314 sicut
717 2276 833 2314 ceteri
866 2279 1003 2323 poetae
1038 2276 1113 2313 hoc
1140 2275 1224 2314 loco
1243 2276 1541 2323 commemorati,
1558 2276 1613 2314 ita
1628 2288 1678 2315 ne

295 2346 427 2380 noster
446 2343 603 2390 quidem
621 2344 767 2390 sprevit
784 2354 936 2380 amores
954 2342 1062 2389 alios,
1082 2343 1184 2390 quod
1200 2354 1293 2380 mox
1309 2342 1538 2380 videbimus.

410 2409 602 2458 Prologus
636 2410 755 2457 igitur
788 2409 974 2448 librorum
1006 2410 1163 2448 Amoris
1190 2409 1304 2457 (1.1.)
1331 2412 1433 2448 recte
1458 2410 1533 2448 dici
1549 2413 1678 2458 potest

295 2478 484 2524 praefatio
522 2477 620 2523 cycli
655 2477 846 2515 Corinnae
881 2478 1044 2515 sacrati:
1079 2481 1194 2525 poeta
1228 2478 1342 2520 enim,
1370 2480 1411 2514 ut
1434 2478 1517 2525 ipse
1533 2479 1675 2522 narrat,

1883 1644 1899 1667 ᾧ

1885 1674 1899 1697 1,
