1899 2826
957 0 974 5 ¹·
986 0 1107 21 ’Ἡμέων

1054 19 1068 29 A,
1095 18 1116 27 .-

809 54 816 58 .
868 41 1106 111 -*·'1e“-‘
1139 39 1239 129 ,3

292 177 442 216 Tritum
460 179 591 216 autem
607 176 757 214 fuisse'
746 188 787 214 111
804 176 913 225 poesi
929 165 1180 224 ‘antiquorum
1210 166 1357 216 erotica
1370 176 1476 220 hoe
1613 218 1649 245 ,Ἴ

290 249 375 282 111111
391 245 503 282 docet
519 255 607 281 cum
623 242 786 287 Horatii,
805 242 950 281 Tibulli
967 242 1234 292 Propertiique
1249 235 1488 285 carminibus
1542 287 1545 291 ,
1593 217 1679 280 ΥΙἭ

290 310 319 348 Ι.
337 310 392 349 9.
412 309 689 348 Suasoriarum
707 309 988 347 rhetoricarum
1013 308 1128 348 modo
1154 305 1370 361 explicatur
1384 292 1623 372 1116111ρὲ1)
1637 300 1677 374 ζὴ

291 379 347 415 tat
362 378 491 415 omnis
508 387 653 414 amane
686 379 908 425 sortemque
939 362 1074 414 militis
1102 380 1141 415 et
1166 377 1352 417 amatoris
1369 377 1485 416 omni
1487 385 1543 417 ex
1585 376 1670 423 8113

290 443 457 483 similem
490 454 577 482 esse
608 442 728 490 longa
761 443 1070 491 comparatione
1081 443 1375 482 demonstratur.
1391 443 1421 483 Ι.
1442 443 1517 485 18.;
1535 440 1676 485 attestor

290 503 486 550 communi
512 514 716 560 poetarum
744 511 972 549 ereticorum
1004 522 1111 549 more
1143 511 1391 559 reprehendit
1419 495 1610 551 Auroram

289 579 432 626 quippe
450 588 549 625 quae
565 576 685 615 finem
704 576 824 614 faciat
840 577 945 614 nocti
961 561 1182 624 voluptates
1208 577 1411 624 praebenti
1436 580 1667 616 amator-m-

290 655 364 692 que
379 643 430 682 ab
448 644 574 682 amica
590 642 760 681 divellat.
781 643 922 681 Totum
938 642 1015 682 hoc
1031 654 1170 691 poema
1186 642 1285 681 nihil
1303 636 1409 681 aliud
1426 646 1498 690 est,
1513 644 1591 683 nisi
1605 642 1673 682 111·-

276 712 441 750 'vectiva
458 710 650 759 quaedam
666 710 857 748 rhetorica
883 709 1180 757 diligentissime
1206 710 1395 760 disposita
1411 715 1450 749 et
1466 721 1555 750 cum
1571 709 1668 766 611114
1689 737 1701 745 ,.
1717 724 1732 760 χ

287 778 500 816 meratione
517 776 737 815 fabularum
755 777 804 815 ud
821 778 1015 815 Auroram
1046 777 1323 825 pertinentium
1348 777 1550 827 aptissime
1577 788 1665 822 oon·
1724 772 1732 815 Ῐ

288 846 428 883 11111616.
456 845 503 882 II.
520 845 571 883 9.;
589 844 851 893 ’ύμνοςκλητικός
868 844 918 881 ad
935 844 1176 893 Cupidinem,
1195 843 1330 892 quales
1346 843 1412 885 alii
1432 848 1570 893 poetae
1586 834 1668 885 61·οᾸ
1700 844 1731 871 ‘-

287 911 353 948 tici
372 911 421 949 ad
438 910 631 949 Venerem
667 922 804 948 canere
838 910 1028 958 solebant,
1045 913 1089 949 ut
1105 910 1302 949 amoribus
1337 911 1419 954 suis
1438 921 1666 959 prosperum
1719 940 1723 941 ν

288 978 397 1016 daret
414 982 606 1016 eventum.
625 978 672 1016 ΙΙ.
695 979 748 1016 15.
763 991 770 1015 :
788 981 904 1025 poeta
921 977 1082 1015 anulum
1098 979 1217 1016 donat
1234 978 1392 1021 amicae,
1408 978 1479 1015 sed
1494 978 1664 1018 maximo
1718 1006 1721 1007 γ

288 1043 384 1082 velit
399 1045 483 1092 ipse
500 1045 541 1082 in
558 1043 720 1082 anulum
739 1044 891 1088 mutari,
918 1047 962 1082 ut
989 1054 1140 1091 semper
1158 1055 1246 1082 cum
1272 1043 1403 1092 puella
1430 1055 1515 1082 esse
1531 1043 1665 1092 possit.

289 1112 576 1158 Argumentum
594 1112 672 1148 iam
691 1112 781 1149 inde
799 1112 848 1156 ab
877 1112 1122 1148 Anacreonte
1141 1110 1422 1158 pervulgatum.
1441 1111 1506 1148 ΙΙΙ.
1525 1111 1578 1149 3.:
1595 1123 1663 1159 pu-

287 1178 362 1217 ella
378 1177 543 1226 pulchra
560 1179 677 1216 etiam
694 1179 865 1225 peierare
882 1181 1011 1225 potest
1028 1179 1196 1225 impune,
1214 1190 1301 1216 cum
1313 1177 1593 1226 pulchritudini
1610 1178 1662 1216 dii
1699 1227 1702 1230 ῃ
1782 1181 1792 1186 “

286 1246 360 1293 ipsi
379 1246 509 1282 omnia
527 1246 734 1291 ignoscant
752 1247 844 1290 (vss.
865 1244 1029 1291 1-12.>:

514 1349 596 1377 Ecce
618 1349 705 1386 deos,
725 1348 745 1384 i,
767 1349 881 1377 erede!
902 1348 1015 1377 Fidem
1036 1349 1141 1377 iurata
1160 1349 1283 1395 seiellit,

572 1397 612 1425 Et
632 1397 731 1425 facies
752 1396 808 1431 illi,
830 1404 913 1433 quae
933 1395 994 1424 fuit
1015 1400 1098 1432 anto,
1118 1401 1233 1425 manet.

515 1446 619 1479 Quam
640 1444 755 1481 longos
775 1443 888 1472 habuit
908 1444 1052 1472 nondum
1072 1443 1204 1481 periura
1224 1444 1367 1481 capillos,

572 1493 648 1521 Tam
669 1492 792 1528 longos.
812 1496 984 1529 postquam
1004 1492 1137 1520 numina
1155 1491 1257 1529 laesit,
1278 1492 1384 1521 habet.

514 1540 658 1568 Candida
679 1539 851 1568 candorem
871 1548 964 1567 roseo
987 1540 1114 1567 suffusa
1133 1539 1251 1568 rubore

572 1588 654 1616 Ante
675 1588 753 1616 fuit:
774 1587 869 1616 niveo
890 1587 974 1615 lueet
994 1587 1026 1614 in
1048 1596 1102 1615 ore
1123 1586 1231 1615 rubor.

514 1637 575 1664 Pes
596 1640 664 1664 erat
685 1635 843 1672 exiguus:
866 1634 960 1671 pedis
981 1638 1029 1662 est
1051 1634 1214 1663 artissima
1233 1635 1346 1669 forma,

572 1684 680 1720 Longa
700 1683 883 1719 decensque
904 1682 1091 1719 fuitzlouga
1101 1682 1284 1719 decensque
1304 1687 1420 1711 manet.

516 1731 657 1767 Argutos
678 1730 801 1765 habuit,
823 1730 948 1758 radiant
969 1734 1002 1758 ut
1025 1730 1117 1757 sidus
1138 1730 1239 1765 ocelli,
1283 1759 1286 1762 ,

571 1778 633 1806 Per
654 1786 736 1814 quos
757 1776 889 1805 mentita
910 1780 959 1805 est
978 1777 1103 1814 perfida
1124 1785 1220 1814 saepe
1240 1777 1327 1807 mihi.

512 1826 639 1855 ,ἢκ-111661
660 1828 789 1854 aeterno
809 1825 928 1854 falsum
955 1825 1062 1854 iurare
1082 1825 1200 1863 puellis

568 1873 608 1901 Di
631 1882 760 1909 quoque
782 1873 959 1902 concedunt
980 1874 1148 1909 formaque
1169 1882 1288 1902 numen
1308 1873 1414 1903 habet.

396 1969 547 2023 Quibus
565 1977 746 2025 perlectis
765 1979 909 2015 nemini
928 1978 1089 2016 dubium
1106 1989 1193 2016 esse
1209 1982 1348 2025 potest,
1371 1979 1466 2025 quin
1493 1978 1657 2016 Ovidius
1710 2021 1713 2023 ,
1736 2010 1752 2026 4
1772 1968 1774 1972 ¹
1790 2002 1799 2012 -.

272 2044 355 2089 hoc
371 2043 456 2081 loco
473 2044 577 2081 idem
596 2044 725 2080 thema
743 2046 925 2081 aroucam
944 2044 1204 2092 explicaverit,
1239 2044 1342 2092 quod
1376 2044 1560 2082 Horatius
1577 2056 1656 2083 car-
1694 2058 1698 2060 ·
1719 2056 1721 2058 ·

280 2110 384 2146 mine
401 2109 607 2146 notissimo
624 2110 666 2146 in
683 2109 853 2148 Barinen
869 2115 1090 2157 protervam
1108 2110 1253 2158 (Oarm.
1271 2110 1319 2148 11.
1337 2110 1397 2155 8.).
1423 2109 1487 2148 ΙΙΙ.
1504 2111 1555 2149 6.;
1573 2111 1658 2148 irri-
1694 2162 1700 2167 ἱ
1749 2135 1766 2147 ;
1785 2102 1792 2149 ᾗ

279 2183 341 2214 166
357 2187 492 2224 preces
510 2176 560 2214 ad
577 2187 732 2214 amnem
749 2177 939 2225 rapidum,
957 2179 1022 2225 qui
1041 2178 1179 2215 retinet
1195 2180 1407 2215 amatorem
1424 2177 1474 2215 ad
1491 2178 1657 2216 amicam
1704 2207 1712 2211 ,
1747 2186 1754 2195 “
1773 2168 1780 2177 ’

280 2247 560 2291 properantem.
583 2244 699 2289 Quod
715 2248 828 2291 poeta
846 2244 954 2282 nullo
981 2244 1056 2282 alio
1074 2245 1190 2283 finxit
1207 2244 1379 2288 consilio,
1394 2245 1472 2282 nisi
1487 2248 1531 2283 ut
1546 2245 1656 2284 fabu-

280 2311 339 2348 las
356 2311 521 2348 eroticas
538 2311 588 2348 ad
605 2310 811 2348 fluviorum
831 2312 923 2349 deos
940 2313 1177 2359 pertinentes
1187 2323 1293 2350 more
1303 2310 1657 2351 Alexandrinorum

279 2382 484 2415 enarraret.
502 2377 568 2415 III.
587 2378 661 2415 10.:
681 2379 852 2425 queritur
867 2382 983 2426 poeta
1000 2380 1047 2417 de
1064 2379 1188 2427 rigido
1214 2379 1364 2417 Cereris
1382 2378 1498 2426 cultu,
1516 2380 1583 2427 qui
1597 2379 1655 2418 fe-

393 2481 420 2518 ⁴)
442 2480 559 2510 Confer
580 2481 675 2510 Anth.
697 2482 762 2512 Pal.
786 2483 823 2512 V.
852 2483 878 2513 3.
904 2483 966 2524 172.
