1899 2826
458 193 536 240 giis
561 179 763 239 corinnae
779 186 941 232 sacratis
964 197 1085 240 saepe·
1119 193 1281 248 intimos
1312 195 1433 233 animi
1459 191 1552 232 sen-'

334 264 339 268 “
489 264 723 311 pactamque
749 268 842 299 vero
868 271 999 299 amore
1027 254 1210 299 affectum
1244 256 1343 300 esse·
1356 262 1544 300 videmus.

246 343 291 374 27
338 323 458 367 astris
473 327 628 375 decidit,
646 339 737 366 cum
751 327 973 372 Corinnam,
1000 339 1119 379 quam
1145 327 1251 365 solus
1277 340 1407 369 amare
1434 331 1545 377 cepit,

249 384 418 449 ‘'⁹‘fimltis
444 392 518 432 sibi
534 392 754 433 habendam
780 404 867 433 esse
882 393 1125 442 intellegit.*)
1150 394 1196 432 In
1222 396 1391 434 secundo
1416 400 1545 434 autem

313 461 384 506 ubi
400 472 489 500 cum
504 464 629 510 nupta
645 452 812 515 quadam
829 473 911 500 rem
928 473 971 500 se
986 462 1172 506 habuisse
1188 467 1330 510 narrat,
1356 464 1435 502 iam
1460 475 1545 511 pro-

318 530 366 566 te·
377 528 544 576 quadam
557 528 794 581 offendimur
810 540 819 575 ;
836 533 951 577 poeta
979 515 1082 566 enim
1107 540 1188 566 non
1214 526 1343 567 amore
1369 529 1545 575 feminae,

247 595 496 641 eoormaxime
512 596 734 651 delectatur,
752 597 855 645 quod
870 597 1053 652 maritum
1070 596 1234 635 stultum
1245 596 1382 636 callide
1392 597 1546 636 eludere

161 665 315 717 votest-
332 663 413 702 Eae
429 664 594 713 denique
610 663 768 713 elegiae,
794 664 935 713 quibus
950 665 1189 703 meretricem
1205 664 1384 712 celebrat,
1400 678 1545 704 meram

242 731 384 778 citiam
409 740 506 778 prae
529 743 571 769 se
603 731 742 770 ferunt·
764 737 1008 780 poetamque'
1028 730 1129 769 nihil
1160 719 1248 769 iam'
1271 732 1437 780 amplius
1470 734 1546 770 nisi

266 809 330 838 em
357 799 552 848 quandam
579 803 765 837 sensuum
790 797 1031 846 voluptatem
1067 799 1108 843 in
1144 809 1273 841 amore
1309 800 1546 846 quaesivisse
1584 799 1586 802 ’

195 869 378 907 estantur.
403 866 450 904 In
466 865 604 904 ultimo
631 876 725 903 sane
753 865 923 903 carmine
950 865 1001 903 ad
1028 866 1267 903 meretricem
1284 867 1436 914 'scri-pto
1462 867 1546 909 (111.

143 976 145 978 ,
179 929 253 981 14.)
271 935 349 973 iam
370 934 474 971 inest
490 944 645 971 summa
660 932 729 970 illa
745 932 930 979 doctrina,
947 932 1131 980 adquam
1148 932 1278 970 omnia
1305 933 1412 979 Artis
1436 944 1546 969 ama-

167 991 301 1050 [tortae
316 1003 522 1048 praecepta
537 999 737 1038 referenda
748 1004 865 1037 sunt:
883 1010 963 1036 non
979 1010 1104 1047 posse
1101 1000 1152 1036 in
1168 1010 1298 1038 amore
1313 999 1432 1038 fidem
1461 1012 1547 1048 pos-

178 1067 307 1111 tulari,
323 1066 527 1115 perfidiam
552 1069 685 1104 tamen
716 1065 925 1113 diligenter
942 1077 1027 1103 esse
1045 1065 1247 1104 celandam
1273 1066 1369 1111 (Art.
1396 1078 1473 1105 am.
1500 1067 1546 1105 ΙΙ.

176 1133 299 1180 389)=

463 1218 591 1253 Ludite,
613 1219 670 1247 sed
690 1218 776 1246 furto
797 1218 923 1262 celetur*
937 1218 1031 1254 eulpa
1050 1218 1195 1246 modesto

181 1316 308 1361 Quare
334 1314 482 1352 nemini
506 1315 649 1351 mirum
675 1324 761 1350 esse
788 1316 926 1360 potest,
953 1312 1056 1359 quod
1080 1313 1121 1348 in
1147 1312 1282 1358 elegiis
1308 1313 1411 1349 tertii
1448 1313 1546 1359 cycli

177 1381 302 1421 multa
314 1382 565 1420 inveniuntur
575 1380 798 1419 summatim
814 1382 989 1428 tractata,
1007 1389 1105 1428 quae
1121 1383 1254 1418 auctor
1268 1376 1405 1428 postea
1420 1381 1460 1418 in
1470 1380 1546 1417 Ar-

181 1451 422 1488 teamatoria
439 1449 632 1497 copiosius
648 1449 838 1496 exposuit,
859 1448 1037 1496 quodque
1047 1447 1254 1485 nonnullos
1264 1459 1400 1485 versus
1417 1460 1540 1495 paene

179 1518 230 1557 ad
255 1517 417 1556 verbum
444 1527 494 1554 ex
519 1515 730 1554 Amoribus
755 1515 796 1553 in
822 1511 959 1553 Artem
995 1514 1222 1552 amat-oriam
1255 1514 1464 1553 transtulit„
1491 1515 1546 1554 Ut

179 1648 311 1704 mento
327 1650 534 1689 collectam
554 1649 611 1687 ad
627 1650 877 1687 ¹iuventutem
902 1648 1101 1695 utriusque
1128 1658 1244 1685 sexus
1270 1647 1548 1686 instituendam

178 1718 326 1768 publici
341 1717 436 1756 iuris
452 1717 555 1761 fecit,
570 1716 701 1752 Artem
718 1716 882 1752 amandi
891 1715 1116 1760 nominavit,
1127 1715 1183 1751 ita
1191 1725 1264 1751 nos
1275 1715 1350 1751 tres
1358 1714 1547 1751 Amorum

180 1785 309 1832 libros,
323 1784 389 1822 ubi
407 1785 522 1831 poeta
539 1785 702 1827 enarrat,
721 1781 913 1828 quomodo
931 1781 1012 1833 suis
1029 1780 1182 1818 damnis
1192 1780 1352 1818 edoctus
1361 1780 1548 1827 magister

177 1853 320 1891 amoris
332 1851 459 1889 factus
470 1851 532 1898 sit,
544 1851 626 1888 iure
639 1860 847 1898 possumus
864 1848 1269 1885 Palaestramnmoris
1278 1845 1545 1895 appellare.**)

294 1965 439 2003 *)Poeta
469 1964 563 2000 enim,
594 1964 696 1992 donec
729 1972 800 1991 eam
836 1965 930 1997 amat,
958 1961 1093 1989 amicam
1126 1959 1187 1988 sibi
1222 1959 1319 1988 fidam
1336 1959 1406 1988 fore
1437 1959 1548 1988 eredit.

156 2043 159 2044 ⁷
177 2016 295 2045 Postea
312 2022 403 2049 sane,
424 2022 498 2042 cum
517 2012 658 2049 primum
678 2019 820 2040 amorem
839 2009 958 2047 frigido
989 2008 1054 2037 iam
1083 2008 1179 2036 corde
1207 2006 1347 2044 respicit,
1378 2006 1549 2036 Corinnam

152 2073 157 2076 ·
178 2064 331 2093 versutam
350 2060 494 2089 nominat
512 2059 720 2097 perfidasque
740 2058 810 2087 eius
831 2060 916 2086 artes
936 2057 1066 2085 demum
1086 2055 1240 2093 pervidet.
1262 2054 1308 2084 Cf.
1328 2054 1369 2083 Π.
1386 2055 1430 2090 19,
1443 2055 1547 2085 9-18.

292 2129 336 2166 ⁸*)
355 2128 446 2157 Hanc
467 2125 764 2156 commentationem
793 2124 858 2153 iam
878 2132 961 2152 anno
980 2121 1211 2151 MDCCCXCII
1230 2121 1423 2150 Academiae
1451 2121 1549 2150 Litte-

63 2165 85 2173 ..
146 2206 152 2211 ,
176 2186 300 2207 rarum
305 2176 511 2213 Hungaricae
528 2180 762 2212 proposueram
781 2172 1010 2215 edideramque
1031 2171 1065 2199 in
1086 2169 1291 2207 ephemeride
1321 2165 1547 2206 Hungarorum

174 2224 380 2263 philologia,
400 2231 485 2260 quae
503 2222 718 2260 „Egyetemes
737 2218 929 2256 Philologiai
948 2218 1114 2255 K6zliiny“
1143 2216 1329 2245 inscribitur
1356 2217 1389 2252 (t.
1409 2215 1498 2244 XVI.
1517 2224 1547 2253 p.

177 2273 255 2311 625).
275 2272 370 2301 Nunc
390 2274 508 2306 autem,
527 2273 563 2299 ut
581 2269 616 2298 in
636 2268 802 2306 republica
821 2267 1001 2296 litterarum
1014 2265 1141 2295 civitate
1154 2264 1359 2298 donaretur,
1350 2273 1382 2292 111
1396 2263 1551 2292 Latinum

178 2328 366 2350 conversam
386 2315 511 2356 iterum}
524 2321 621 2355 atque
641 2316 828 2353 castigatius
849 2315 1007 2344 edendam
1027 2313 1146 2342 curavi.

179 1585 299 1633 igitur
325 1583 491 1622 Ovidius
516 1583 600 1630 ipse
626 1581 724 1620 illud
741 1593 848 1630 opus,
868 1582 909 1619 in
938 1593 1014 1629 quo
1039 1581 1242 1619 scientiam
1267 1592 1380 1618 suam
1396 1581 1546 1629 experi*
1607 1589 1609 1591 ·
